%% This BibTeX bibliography file was created using BibDesk.
%% http://bibdesk.sourceforge.net/


%% Created for adami at 2015-05-13 15:59:34 -0400 


%% Saved with string encoding Western (Mac OS Roman) 

% 15034147 
@Article{pmid15034147,
   Author="Edgar, R. C. ",
   Title="{{M}{U}{S}{C}{L}{E}: multiple sequence alignment with high accuracy and high throughput}",
   Journal="Nucleic Acids Res.",
   Year="2004",
   Volume="32",
   Number="5",
   Pages="1792--1797"
}


@Article{pmid15318951,
   Author="Edgar, R. C. ",
   Title="{{M}{U}{S}{C}{L}{E}: a multiple sequence alignment method with reduced time and space complexity}",
   Journal="BMC Bioinformatics",
   Year="2004",
   Volume="5",
   Pages="113",
   Month="Aug"
}


@book{Molbiocell,
        author={Alberts,Bruce},
        year={2002},
        title={Molecular biology of the cell},
        publisher={Garland Science},
        address={New York},
        edition={4th; 4.},
}


@book{ecodevo,
        author={Gilbert,Scott F. and Epel,David},
        year={2009},
        title={Ecological developmental biology: integrating epigenetics, medicine, and evolution},
        publisher={Sinauer Associates},
        address={Sunderland, Mass},
}

@book{devogilbert,
        author={Gilbert,Scott F.},
        year={1997},
        title={Developmental biology},
        publisher={Sinauer Associates},
        address={Sunderland, Mass},
        edition={5th},
        keywords={Developmental biology; Embryology},
        isbn={0878932445; 9780878932443},
        language={English},
}


@book{maynard,
        author={Maynard Smith,John},
        year={1989},
        title={Evolutionary genetics},
        publisher={Oxford University Press},
        address={New York; Oxford [Oxfordshire]},
        keywords={Population biology; Population genetics; Genetics; Evolution},
        isbn={9780198542155; 0198542151},
        language={English},
}

@Article{pmid16556913,
   Author="Maeda, R. K.  and Karch, F. ",
   Title="{{T}he {A}{B}{C} of the {B}{X}-{C}: the bithorax complex explained}",
   Journal="Development",
   Year="2006",
   Volume="133",
   Number="8",
   Pages="1413--1422",
   Month="Apr"
}

@Article{pmid7579526,
   Author="Wolpert, L. ",
   Title="{{T}he evolutionary origin of development: cycles, patterning, privilege and continuity}",
   Journal="Dev. Suppl.",
   Year="1994",
   Pages="79--84"
}
@Article{pmid1090005,
   Author="King, M. C.  and Wilson, A. C. ",
   Title="{{E}volution at two levels in humans and chimpanzees}",
   Journal="Science",
   Year="1975",
   Volume="188",
   Number="4184",
   Pages="107--116",
   Month="Apr"
}


@book{press_etal:1996,
  author = {Press, William H. and Flannery, Brian P. and Teukolsky, Saul A. and Vetterling, William T.},
  edition = 2,
  publisher = {Cambridge University Press},
  title = {Numerical Recipes in C: The Art of Scientific Computing},
  year = 1992
}

@book{alberts,
  author = {Alberts B},
  edition = 4,
  publisher = {Garland Science},
  title = {Molecular Biology of the Cell},
  year = 1992
}

@book{beck,
edition=1,
author={Beck, James and Arnold, Kenneth},
publisher={Wiley and Sons},
title={Parameter estimation in engineering and science},
year=1977
}

@article{pmid22887818,
		Author = {Stewart, Alexander J and Hannenhalli, Sridhar and Plotkin, Joshua B},
	Date-Added = {2015-05-13 19:44:53 +0000},
	Date-Modified = {2015-05-13 19:45:13 +0000},
	Doi = {10.1534/genetics.112.143370},
	Journal = {Genetics},
	Journal-Full = {Genetics},
	Mesh = {Algorithms; Animals; Binding Sites; Computer Simulation; DNA; Evolution, Molecular; Genetics, Population; Humans; Models, Biological; Mutation Rate; Nucleotide Motifs; Protein Binding; Reproduction; Transcription Factors},
	Month = {Nov},
	Number = {3},
	Pages = {973-85},
	Pmc = {PMC3522170},
	Pmid = {22887818},
	Pst = {ppublish},
	Title = {Why transcription factor binding sites are ten nucleotides long},
	Volume = {192},
	Year = {2012},
	Bdsk-Url-1 = {http://dx.doi.org/10.1534/genetics.112.143370}}

@article{Brown2008,
	Author = {Brown, C Titus},
	Date-Added = {2015-05-09 01:21:49 +0000},
	Date-Modified = {2015-05-09 01:22:07 +0000},
	Journal = {Methods in cell biology},
	Pages = {337--365},
	Publisher = {Elsevier},
	Title = {Computational Approaches to Finding and Analyzing cis-Regulatory Elements},
	Volume = {87},
	Year = {2008}}

@article{Adami2002,
	Author = {Adami, Christoph},
	Date-Added = {2015-05-08 16:45:06 +0000},
	Date-Modified = {2015-05-13 19:39:25 +0000},
	Issn = {1521-1878},
	Journal = {{BioEssays}},
	Number = {12},
	Pages = {1085--1094},
	Title = {What is complexity?},
	Volume = {24},
	Year = {2002},
	Bdsk-Url-1 = {http://dx.doi.org/10.1002/bies.10192}}

@article{Carothersetal2004,
	Author = {J. M. Carothers and S. C. Oestreich and J. H. Davis and J. W. Szostak},
	Date-Added = {2015-05-08 16:41:32 +0000},
	Date-Modified = {2015-05-08 16:41:32 +0000},
	Journal = {J. American Chem. Society},
	Pages = {5130--5137},
	Title = {Informational complexity and functional activity of {RNA} structures},
	Volume = {126},
	Year = {2004}}

@article{Adami2004,
	Author = {C. Adami},
	Date-Added = {2015-05-08 16:41:21 +0000},
	Date-Modified = {2015-05-08 16:41:21 +0000},
	Journal = {Phys. Life Reviews},
	Pages = {3--22},
	Title = {Information theory in molecular biology},
	Volume = {1},
	Year = {2004}}

@book{Gehring1998,
	Address = {New Haven, CT},
	Author = {Walter J. Gehring},
	Date-Added = {2015-05-07 14:05:34 +0000},
	Date-Modified = {2015-05-13 19:38:46 +0000},
	Publisher = {Yale University Press},
	Title = {Master Control Genes in Development and Evolution: The Homeobox Story},
	Year = {1998}}

@book{Davidson2006,
	Address = {San Diego, CA},
	Author = {Eric H. Davidson},
	Date-Added = {2015-05-07 14:03:44 +0000},
	Date-Modified = {2015-05-07 14:05:28 +0000},
	Publisher = {Academic Press},
	Title = {The Regulatory Genome: Gene Regulatory Networks in Drvelopment and Evolution},
	Year = {2006}}

@book{Davidson2001,
	Address = {San Diego, CA},
	Author = {Eric H. Davidson},
	Date-Added = {2015-05-07 14:02:32 +0000},
	Date-Modified = {2015-05-07 14:03:39 +0000},
	Publisher = {Academic Press},
	Title = {Genomic Regulatory Systems: Development and Evolution},
	Year = {2001}}

@article{10.1371/journal.pcbi.1003683,
	Abstract = {<title>Author Summary</title> <p>Specialized proteins called transcription factors turn genes on and off by binding to short stretches of DNA in their regulatory regions. Precise gene regulation is essential for cellular survival and proliferation, and its evolution and maintenance under mutational pressure are central issues in biology. Here we discuss how evolution of gene regulation is shaped by the need to maintain favorable binding energies between transcription factors and their genomic binding sites. We show that, surprisingly, transcription factor binding is not affected by many biological properties, such as the essentiality of the gene it regulates. Rather, all sites for a given factor appear to evolve under a universal set of constraints, which can be rationalized in terms of a simple model inspired by transcription factor â{\"A}{\`\i} DNA binding thermodynamics.</p>},
	Author = {Haldane, Allan AND Manhart, Michael AND Morozov, Alexandre V.},
	Date-Modified = {2015-05-06 21:54:26 +0000},
	Journal = {PLoS Comput Biol},
	Number = {7},
	Pages = {e1003683},
	Title = {Biophysical Fitness Landscapes for Transcription Factor Binding Sites},
	Volume = {10},
	Year = {2014},
	Bdsk-Url-1 = {http://dx.doi.org/10.1371%2Fjournal.pcbi.1003683},
	Bdsk-Url-2 = {http://dx.doi.org/10.1371/journal.pcbi.1003683}}

@article{pmid7317363,
	Author = {Berg, O. G. and Winter, R. B. and von Hippel, P. H.},
	Journal = {Biochemistry},
	Month = {Nov},
	Number = {24},
	Pages = {6929--6948},
	Title = {{{D}iffusion-driven mechanisms of protein translocation on nucleic acids. 1. {M}odels and theory}},
	Volume = {20},
	Year = {1981}}

@article{Qianpmid22416064,
	Author = {Qian, J. and Ferguson, T. M. and Shinde, D. N. and Ramirez-Borrero, A. J. and Hintze, A. and Adami, C. and Niemz, A.},
	Journal = {Nucleic Acids Res.},
	Month = {Jun},
	Number = {11},
	Pages = {e87},
	Title = {{{S}equence dependence of isothermal {D}{N}{A} amplification via {E}{X}{P}{A}{R}}},
	Volume = {40},
	Year = {2012}}

@article{gadempmid19193149,
	Author = {Li, L.},
	Journal = {J. Comput. Biol.},
	Month = {Feb},
	Number = {2},
	Pages = {317--329},
	Title = {{{G}{A}{D}{E}{M}: a genetic algorithm guided formation of spaced dyads coupled with an {E}{M} algorithm for motif discovery}},
	Volume = {16},
	Year = {2009}}

@article{pmid3045325,
	Author = {Berg, O. G. and von Hippel, P. H.},
	Journal = {J. Mol. Biol.},
	Month = {Apr},
	Number = {4},
	Pages = {709--723},
	Title = {{{S}election of {D}{N}{A} binding sites by regulatory proteins. {I}{I}. {T}he binding specificity of cyclic {A}{M}{P} receptor protein to recognition sites}},
	Volume = {200},
	Year = {1988}}

@article{OscarJiang01112007,
	Author = {Jiang, Bo and Zhang, Michael Q. and Zhang, Xuegong},
	Doi = {10.1093/bioinformatics/btm473},
	Journal = {Bioinformatics},
	Number = {21},
	Pages = {2823-2828},
	Title = {OSCAR: One-class SVM for accurate recognition of cis-elements},
	Volume = {23},
	Year = {2007},
	Bdsk-Url-1 = {http://dx.doi.org/10.1093/bioinformatics/btm473}}

@article{Jain:1999:DCR:331499.331504,
	Author = {Jain, A. K. and Murty, M. N. and Flynn, P. J.},
	Date-Modified = {2015-05-06 21:52:41 +0000},
	Journal = {ACM Comput. Surv.},
	Keywords = {cluster analysis, clustering applications, exploratory data analysis, incremental clustering, similarity indices, unsupervised learning},
	Number = {3},
	Pages = {264--323},
	Title = {Data Clustering: A Review},
	Volume = {31},
	Year = {1999},
	Bdsk-Url-1 = {http://doi.acm.org/10.1145/331499.331504},
	Bdsk-Url-2 = {http://dx.doi.org/10.1145/331499.331504}}

@article{PerceptronStormo,
	Author = {G. D. Stormo and T. D. Schneider and L. Gold and A. Ehrenfeucht},
	Journal = {Nucleic Acids Res},
	Number = {9},
	Pages = {2997--3011},
	Title = {Use of the Perceptron algorithm to distinguish translational initiation sites in E. coli.},
	Volume = {10},
	Year = {1982}}

@article{pmid9581503,
	Author = {Stormo, G. D. and Fields, D. S.},
	Journal = {Trends Biochem. Sci.},
	Month = {Mar},
	Pages = {109--113},
	Title = {{{S}pecificity, free energy and information content in protein-{D}{N}{A} interactions}},
	Volume = {23},
	Year = {1998}}

@article{pmid19843594,
	Author = {Perry, M. W. and Cande, J. D. and Boettiger, A. N. and Levine, M.},
	Journal = {Cold Spring Harb. Symp. Quant. Biol.},
	Pages = {275--279},
	Title = {{{E}volution of insect dorsoventral patterning mechanisms}},
	Volume = {74},
	Year = {2009}}

@article{Ip19951,
	Author = {Y.Tony Ip},
	Journal = {Current Biology},
	Number = {1},
	Pages = {1 - 3},
	Title = {Transcriptional Regulation: : Converting an activator into a repressor},
	Volume = {5},
	Year = {1995}}

@article{pmid1582412,
	Author = {Pan, D. and Courey, A. J.},
	Journal = {EMBO J.},
	Month = {May},
	Number = {5},
	Pages = {1837--1842},
	Title = {{{T}he same dorsal binding site mediates both activation and repression in a context-dependent manner}},
	Volume = {11},
	Year = {1992}}

@article{pmid8068548,
	Author = {Pan, D. and Valentine, S. A. and Courey, A. J.},
	Journal = {Mech. Dev.},
	Month = {Apr},
	Number = {1},
	Pages = {41--53},
	Title = {{{T}he bipartite {D}. melanogaster twist promoter is reorganized in {D}. virilis}},
	Volume = {46},
	Year = {1994}}

@article{pmid1322296,
	Author = {Jiang, J. and Rushlow, C. A. and Zhou, Q. and Small, S. and Levine, M.},
	Journal = {EMBO J.},
	Month = {Aug},
	Number = {8},
	Pages = {3147--3154},
	Title = {{{I}ndividual dorsal morphogen binding sites mediate activation and repression in the {D}rosophila embryo}},
	Volume = {11},
	Year = {1992}}

@article{pmid1423619,
	Author = {Kidd, S.},
	Journal = {Cell},
	Month = {Nov},
	Number = {4},
	Pages = {623--635},
	Title = {{{C}haracterization of the {D}rosophila cactus locus and analysis of interactions between cactus and dorsal proteins}},
	Volume = {71},
	Year = {1992}}

@article{pmid20047961,
	Author = {Gordan, R. and Narlikar, L. and Hartemink, A. J.},
	Journal = {Nucleic Acids Res.},
	Month = {Apr},
	Number = {6},
	Pages = {e90},
	Title = {{{F}inding regulatory {D}{N}{A} motifs using alignment-free evolutionary conservation information}},
	Volume = {38},
	Year = {2010}}

@article{pmid8344257,
	Author = {Jiang, J. and Cai, H. and Zhou, Q. and Levine, M.},
	Journal = {EMBO J.},
	Month = {Aug},
	Number = {8},
	Pages = {3201--3209},
	Title = {{{C}onversion of a dorsal-dependent silencer into an enhancer: evidence for dorsal corepressors}},
	Volume = {12},
	Year = {1993}}

@article{pmid9268651,
	Author = {Fields, D. S. and He, Y. and Al-Uzri, A. Y. and Stormo, G. D.},
	Journal = {J. Mol. Biol.},
	Month = {Aug},
	Number = {2},
	Pages = {178--194},
	Title = {{{Q}uantitative specificity of the {M}nt repressor}},
	Volume = {271},
	Year = {1997}}

@article{pmid12949132,
	Author = {Tamura, K. and Subramanian, S. and Kumar, S.},
	Journal = {Mol. Biol. Evol.},
	Month = {Jan},
	Number = {1},
	Pages = {36--44},
	Title = {{{T}emporal patterns of fruit fly ({D}rosophila) evolution revealed by mutation clocks}},
	Volume = {21},
	Year = {2004}}

@article{kimpmid19132088,
	Author = {Kim, J. and He, X. and Sinha, S.},
	Journal = {PLoS Genet.},
	Month = {Jan},
	Number = {1},
	Pages = {e1000330},
	Title = {{{E}volution of regulatory sequences in 12 {D}rosophila species}},
	Volume = {5},
	Year = {2009}}

@article{pmid22683811,
	Author = {Obbard, D. J. and Maclennan, J. and Kim, K. W. and Rambaut, A. and O'Grady, P. M. and Jiggins, F. M.},
	Journal = {Mol. Biol. Evol.},
	Month = {Nov},
	Number = {11},
	Pages = {3459--3473},
	Title = {{{E}stimating divergence dates and substitution rates in the {D}rosophila phylogeny}},
	Volume = {29},
	Year = {2012}}

@article{pmid17478497,
	Author = {Mahony, S. and Benos, P. V.},
	Journal = {Nucleic Acids Res.},
	Month = {Jul},
	Number = {Web Server issue},
	Pages = {W253--258},
	Title = {{{S}{T}{A}{M}{P}: a web tool for exploring {D}{N}{A}-binding motif similarities}},
	Volume = {35},
	Year = {2007}}

@article{pmid17397256,
	Author = {Mahony, S. and Auron, P. E. and Benos, P. V.},
	Journal = {PLoS Comput. Biol.},
	Month = {Mar},
	Number = {3},
	Pages = {e61},
	Title = {{{D}{N}{A} familial binding profiles made easy: comparison of various motif alignment and clustering strategies}},
	Volume = {3},
	Year = {2007}}

@article{Li90mutualinformation,
	Author = {Wentian Li},
	Journal = {Journal of Statistical Physics},
	Pages = {823--837},
	Title = {Mutual Information Functions versus Correlation Functions},
	Volume = {60},
	Year = {1990}}

@article{MLMI,
	Author = {Suzuki, Taiji, Kanamori, Takafuml},
	Journal = {JMLR Workshop and Conference Proceedings},
	Title = {{Approximating Mutual Information by Maximum Likelihood Density Ratio Estimation}}}

@article{pmid15084257,
	Author = {Beer, M. A. and Tavazoie, S.},
	Journal = {Cell},
	Month = {Apr},
	Number = {2},
	Pages = {185--198},
	Title = {{{P}redicting gene expression from sequence}},
	Volume = {117},
	Year = {2004}}

@article{GuhaThakurta01072001,
	Author = {GuhaThakurta, Debraj and Stormo, Gary D.},
	Journal = {Bioinformatics},
	Number = {7},
	Pages = {608-621},
	Title = {Identifying target sites for cooperatively binding factors},
	Volume = {17},
	Year = {2001}}

@article{pmid8080080,
	Author = {Fields, D. S. and Stormo, G. D.},
	Journal = {Anal. Biochem.},
	Month = {Jun},
	Number = {2},
	Pages = {230--239},
	Title = {{{Q}uantitative {D}{N}{A} sequencing to determine the relative protein-{D}{N}{A} binding constants to multiple {D}{N}{A} sequences}},
	Volume = {219},
	Year = {1994}}

@article{pmid8193951,
	Author = {Thompson, J. D. and Higgins, D. G. and Gibson, T. J.},
	Journal = {Comput. Appl. Biosci.},
	Month = {Feb},
	Number = {1},
	Pages = {19--29},
	Title = {{{I}mproved sensitivity of profile searches through the use of sequence weights and gap excision}},
	Volume = {10},
	Year = {1994}}

@article{pmid20877328,
	Author = {Stormo, G. D. and Zhao, Y.},
	Journal = {Nat. Rev. Genet.},
	Month = {Nov},
	Number = {11},
	Pages = {751--760},
	Title = {{{D}etermining the specificity of protein-{D}{N}{A} interactions}},
	Volume = {11},
	Year = {2010}}

@article{pmid15511292,
	Author = {Sinha, S. and Blanchette, M. and Tompa, M.},
	Journal = {BMC Bioinformatics},
	Month = {Oct},
	Pages = {170},
	Title = {{{P}hy{M}{E}: a probabilistic algorithm for finding motifs in sets of orthologous sequences}},
	Volume = {5},
	Year = {2004}}

@article{pmid16236723,
	Author = {Mustonen, V. and Lassig, M.},
	Journal = {Proc. Natl. Acad. Sci. U.S.A.},
	Month = {Nov},
	Number = {44},
	Pages = {15936--15941},
	Title = {{{E}volutionary population genetics of promoters: predicting binding sites and functional phylogenies}},
	Volume = {102},
	Year = {2005}}

@article{li2005sampling,
	Author = {Li, X. and Wong, W.H.},
	Journal = {Proceedings of the National Academy of Sciences of the United States of America},
	Number = {27},
	Pages = {9481--9486},
	Publisher = {National Acad Sciences},
	Title = {Sampling motifs on phylogenetic trees},
	Volume = {102},
	Year = {2005}}

@book{lawr,
	Author = {Lawrence, P.},
	Edition = {1},
	Publisher = {Wiley-Blackwell},
	Title = {{{T}he {M}aking of a {F}ly}},
	Year = {1992}}

@article{Hong23122008,
	Author = {Hong, Joung-Woo and Hendrix, David A. and Papatsenko, Dmitri and Levine, Michael S.},
	Journal = {Proceedings of the National Academy of Sciences},
	Number = {51},
	Pages = {20072-20076},
	Title = {How the Dorsal gradient works: Insights from postgenome technologies},
	Volume = {105},
	Year = {2008}}

@article{pmid15788537,
	Author = {Levine, M. and Davidson, E. H.},
	Journal = {Proc. Natl. Acad. Sci. U.S.A.},
	Month = {Apr},
	Number = {14},
	Pages = {4936--4942},
	Title = {{{G}ene regulatory networks for development}},
	Volume = {102},
	Year = {2005}}

@article{pmid19104053,
	Author = {Davidson, E. H. and Levine, M. S.},
	Journal = {Proc. Natl. Acad. Sci. U.S.A.},
	Month = {Dec},
	Number = {51},
	Pages = {20063--20066},
	Title = {{{P}roperties of developmental gene regulatory networks}},
	Volume = {105},
	Year = {2008}}

@article{pmid16271864,
	Author = {Moussian, B. and Roth, S.},
	Journal = {Curr. Biol.},
	Month = {Nov},
	Number = {21},
	Pages = {R887--899},
	Title = {{{D}orsoventral axis formation in the {D}rosophila embryo--shaping and transducing a morphogen gradient}},
	Volume = {15},
	Year = {2005}}

@article{pmid2760928,
	Author = {Altschul, S. F. and Carroll, R. J. and Lipman, D. J.},
	Journal = {J. Mol. Biol.},
	Month = {Jun},
	Number = {4},
	Pages = {647--653},
	Title = {{{W}eights for data related by a tree}},
	Volume = {207},
	Year = {1989}}

@inproceedings{liu2001bioprospector,
	Author = {Liu, X. and Brutlag, D.L. and Liu, J.S. and others},
	Booktitle = {Pac Symp Biocomput},
	Date-Modified = {2015-05-13 19:42:12 +0000},
	Pages = {127--138},
	Title = {BioProspector: {D}iscovering conserved {DNA} motifs in upstream regulatory regions of co-expressed genes},
	Volume = {6},
	Year = {2001}}

@article{lawrence1993detecting,
	Author = {Lawrence, C.E. and Altschul, S.F. and Boguski, M.S. and Liu, J.S. and Neuwald, A.F. and Wootton, J.C. and others},
	Date-Modified = {2015-05-06 21:51:29 +0000},
	Journal = {Science},
	Pages = {208--208},
	Title = {Detecting subtle sequence signals: a Gibbs sampling strategy for multiple alignment},
	Volume = {262},
	Year = {1993}}

@book{vankampen,
	Author = {Van Kampen, N.},
	Edition = {3},
	Publisher = {North Holland},
	Title = {Stochastic Processes in Physics and Chemistry},
	Year = {2007}}

@article{Jansen17102003,
	Abstract = {We have developed an approach using Bayesian networks to predict protein-protein interactions genome-wide in yeast. Our method naturally weights and combines into reliable predictions genomic features only weakly associated with interaction (e.g., messenger RNAcoexpression, coessentiality, and colocalization). In addition to de novo predictions, it can integrate often noisy, experimental interaction data sets. We observe that at given levels of sensitivity, our predictions are more accurate than the existing high-throughput experimental data sets. We validate our predictions with TAP (tandem affinity purification) tagging experiments. Our analysis, which gives a comprehensive view of yeast interactions, is available at genecensus.org/intint.},
	Author = {Jansen, Ronald and Yu, Haiyuan and Greenbaum, Dov and Kluger, Yuval and Krogan, Nevan J. and Chung, Sambath and Emili, Andrew and Snyder, Michael and Greenblatt, Jack F. and Gerstein, Mark},
	Date-Modified = {2015-05-06 21:59:56 +0000},
	Journal = {Science},
	Number = {5644},
	Pages = {449-453},
	Title = {A Bayesian Networks Approach for Predicting Protein-Protein Interactions from Genomic Data},
	Volume = {302},
	Year = {2003},
	Bdsk-Url-1 = {http://www.sciencemag.org/content/302/5644/449.abstract},
	Bdsk-Url-2 = {http://dx.doi.org/10.1126/science.1087361}}

@article{pmid9169833,
	Author = {Arnone, M. I. and Davidson, E. H.},
	Journal = {Development},
	Month = {May},
	Number = {10},
	Pages = {1851--1864},
	Title = {{{T}he hardwiring of development: organization and function of genomic regulatory systems}},
	Volume = {124},
	Year = {1997}}

@article{pmid19106141,
	Author = {Nishida, K. and Frith, M. C. and Nakai, K.},
	Journal = {Nucleic Acids Res.},
	Month = {Feb},
	Number = {3},
	Pages = {939--944},
	Title = {{{P}seudocounts for transcription factor binding sites}},
	Volume = {37},
	Year = {2009}}

@article{pmid20870645,
	Author = {Mason, M. J. and Plath, K. and Zhou, Q.},
	Journal = {Bioinformatics},
	Month = {Nov},
	Number = {22},
	Pages = {2826--2832},
	Title = {{{I}dentification of context-dependent motifs by contrasting {C}h{I}{P} binding data}},
	Volume = {26},
	Year = {2010}}

@article{pmid10892643,
	Author = {Carroll, S. B.},
	Journal = {Cell},
	Month = {Jun},
	Number = {6},
	Pages = {577--580},
	Title = {{{E}ndless forms: the evolution of gene regulation and morphological diversity}},
	Volume = {101},
	Year = {2000}}

@article{pmid22187154,
	Author = {Oh, Y. M. and Kim, J. K. and Choi, S. and Yoo, J. Y.},
	Journal = {Nucleic Acids Res.},
	Month = {Mar},
	Number = {5},
	Pages = {e38},
	Title = {{{I}dentification of co-occurring transcription factor binding sites from {D}{N}{A} sequence using clustered position weight matrices}},
	Volume = {40},
	Year = {2012}}

@article{pmid12777501,
	Author = {Wray, G. A. and Hahn, M. W. and Abouheif, E. and Balhoff, J. P. and Pizer, M. and Rockman, M. V. and Romano, L. A. and Wray, G. A.},
	Journal = {Mol. Biol. Evol.},
	Month = {Sep},
	Number = {9},
	Pages = {1377--1419},
	Title = {{{T}he evolution of transcriptional regulation in eukaryotes}},
	Volume = {20},
	Year = {2003}}

@article{pmid16873468,
	Author = {Georgi, B. and Schliep, A.},
	Journal = {Bioinformatics},
	Month = {Jul},
	Number = {14},
	Pages = {e166--173},
	Title = {{{C}ontext-specific independence mixture modeling for positional weight matrices}},
	Volume = {22},
	Year = {2006}}

@article{pmid22313678,
	Author = {Girgis, H. Z. and Ovcharenko, I.},
	Journal = {BMC Bioinformatics},
	Pages = {25},
	Title = {{{P}redicting tissue specific cis-regulatory modules in the human genome using pairs of co-occurring motifs}},
	Volume = {13},
	Year = {2012}}

@article{pmid21543443,
	Author = {Tanaka, E. and Bailey, T. and Grant, C. E. and Noble, W. S. and Keich, U.},
	Journal = {Bioinformatics},
	Month = {Jun},
	Number = {12},
	Pages = {1603--1609},
	Title = {{{I}mproved similarity scores for comparing motifs}},
	Volume = {27},
	Year = {2011}}

@article{pmid18426806,
	Author = {Hannenhalli, S.},
	Journal = {Bioinformatics},
	Month = {Jun},
	Number = {11},
	Pages = {1325--1331},
	Title = {{{E}ukaryotic transcription factor binding sites--modeling and integrative search methods}},
	Volume = {24},
	Year = {2008}}

@article{Hannenhalli01062005,
	Author = {Hannenhalli, Sridhar and Wang, Li-San},
	Date-Modified = {2015-05-06 21:50:45 +0000},
	Journal = {Bioinformatics},
	Number = {suppl 1},
	Pages = {i204-i212},
	Title = {Enhanced position weight matrices using mixture models},
	Volume = {21},
	Year = {2005},
	Bdsk-Url-1 = {http://bioinformatics.oxfordjournals.org/content/21/suppl_1/i204.abstract},
	Bdsk-Url-2 = {http://dx.doi.org/10.1093/bioinformatics/bti1001}}

@article{pmid8532532,
	Author = {Quandt, K. and Frech, K. and Karas, H. and Wingender, E. and Werner, T.},
	Journal = {Nucleic Acids Res.},
	Month = {Dec},
	Number = {23},
	Pages = {4878--4884},
	Title = {{{M}at{I}nd and {M}at{I}nspector: new fast and versatile tools for detection of consensus matches in nucleotide sequence data}},
	Volume = {23},
	Year = {1995}}

@article{pmid17914228,
	Author = {Siddharthan, R.},
	Journal = {J. Biosci.},
	Month = {Aug},
	Number = {5},
	Pages = {863--870},
	Title = {{{P}arsing regulatory {D}{N}{A}: general tasks, techniques, and the {P}hylo{G}ibbs approach}},
	Volume = {32},
	Year = {2007}}

@article{pmid19286833,
	Author = {Pape, U. J. and Klein, H. and Vingron, M.},
	Journal = {Bioinformatics},
	Month = {Aug},
	Number = {16},
	Pages = {2103--2109},
	Title = {{{S}tatistical detection of cooperative transcription factors with similarity adjustment}},
	Volume = {25},
	Year = {2009}}

@article{pmid16873497,
	Author = {Narlikar, L. and Gordan, R. and Ohler, U. and Hartemink, A. J.},
	Journal = {Bioinformatics},
	Month = {Jul},
	Number = {14},
	Pages = {e384--392},
	Title = {{{I}nformative priors based on transcription factor structural class improve de novo motif discovery}},
	Volume = {22},
	Year = {2006}}

@article{pmid23093591,
	Author = {Narlikar, L.},
	Journal = {Nucleic Acids Res.},
	Month = {Oct},
	Title = {{{M}u{M}o{D}: a {B}ayesian approach to detect multiple modes of protein-{D}{N}{A} binding from genome-wide {C}h{I}{P} data}},
	Year = {2012}}

@article{pmid19652015,
	Author = {Gordan, R. and Hartemink, A. J. and Bulyk, M. L.},
	Journal = {Genome Res.},
	Month = {Nov},
	Number = {11},
	Pages = {2090--2100},
	Title = {{{D}istinguishing direct versus indirect transcription factor-{D}{N}{A} interactions}},
	Volume = {19},
	Year = {2009}}

@article{pmid20591178,
	Author = {Huen, D. S. and Russell, S.},
	Journal = {BMC Bioinformatics},
	Pages = {359},
	Title = {{{O}n the use of resampling tests for evaluating statistical significance of binding-site co-occurrence}},
	Volume = {11},
	Year = {2010}}

@article{pmid22115527,
	Author = {Halfon, M. S. and Zhu, Q. and Brennan, E. R. and Zhou, Y.},
	Journal = {BMC Genomics},
	Pages = {578},
	Title = {{{E}rroneous attribution of relevant transcription factor binding sites despite successful prediction of cis-regulatory modules}},
	Volume = {12},
	Year = {2011}}

@article{pmid15883375,
	Author = {Gupta, M. and Liu, J. S.},
	Journal = {Proc. Natl. Acad. Sci. U.S.A.},
	Month = {May},
	Number = {20},
	Pages = {7079--7084},
	Title = {{{D}e novo cis-regulatory module elicitation for eukaryotic genomes}},
	Volume = {102},
	Year = {2005}}

@article{pmid15297614,
	Author = {Zhou, Q. and Wong, W. H.},
	Journal = {Proc. Natl. Acad. Sci. U.S.A.},
	Month = {Aug},
	Number = {33},
	Pages = {12114--12119},
	Title = {{{C}is{M}odule: de novo discovery of cis-regulatory modules by hierarchical mixture modeling}},
	Volume = {101},
	Year = {2004}}

@article{springerlink:10.1007,
	Affiliation = {Department of Computer Science and Technology, Tsinghua University, Beijing, 100084 China},
	Author = {Jiang, HongShan and Zhao, Ying and Chen, WenGuang and Zheng, WeiMin and Zhang, XueGong},
	Issn = {1674-733X},
	Journal = {SCIENCE CHINA Information Sciences},
	Keyword = {Computer Science},
	Note = {10.1007/s11432-011-4374-9},
	Pages = {1-11},
	Publisher = {Science China Press, co-published with Springer},
	Title = {Improving cis-regulatory elements modeling by consensus scaffolded mixture models},
	Url = {http://dx.doi.org/10.1007/s11432-011-4374-9},
	Bdsk-Url-1 = {http://dx.doi.org/10.1007/s11432-011-4374-9}}

@article{pmid16855295,
	Author = {GuhaThakurta, D.},
	Journal = {Nucleic Acids Res.},
	Number = {12},
	Pages = {3585--3598},
	Title = {{{C}omputational identification of transcriptional regulatory elements in {D}{N}{A} sequence}},
	Volume = {34},
	Year = {2006}}

@article{pmid22672438,
	Author = {Tan, M. and Yu, D. and Jin, Y. and Dou, L. and Li, B. and Wang, Y. and Yue, J. and Liang, L.},
	Journal = {Theor Biol Med Model},
	Pages = {19},
	Title = {{{A}n information transmission model for transcription factor binding at regulatory {D}{N}{A} sites}},
	Volume = {9},
	Year = {2012}}

@article{pmid16356266,
	Author = {Bilu, Y. and Barkai, N.},
	Journal = {Genome Biol.},
	Number = {12},
	Pages = {R103},
	Title = {{{T}he design of transcription-factor binding sites is affected by combinatorial regulation}},
	Volume = {6},
	Year = {2005}}

@article{pmid14500844,
	Author = {King, O. D. and Roth, F. P.},
	Journal = {Nucleic Acids Res.},
	Month = {Oct},
	Number = {19},
	Pages = {e116},
	Title = {{{A} non-parametric model for transcription factor binding sites}},
	Volume = {31},
	Year = {2003}}

@article{pmid21486752,
	Author = {Bais, A. S. and Kaminski, N. and Benos, P. V.},
	Journal = {Nucleic Acids Res.},
	Month = {Jun},
	Number = {11},
	Pages = {e76},
	Title = {{{F}inding subtypes of transcription factor motif pairs with distinct regulatory roles}},
	Volume = {39},
	Year = {2011}}

@article{pmid22904079,
	Author = {Chan, T. M. and Leung, K. S. and Lee, K. H. and Wong, M. H. and Lau, T. C. and Tsui, S. K.},
	Journal = {Nucleic Acids Res.},
	Month = {Oct},
	Number = {19},
	Pages = {9392--9403},
	Title = {{{S}ubtypes of associated protein-{D}{N}{A} ({T}ranscription {F}actor-{T}ranscription {F}actor {B}inding {S}ite) patterns}},
	Volume = {40},
	Year = {2012},
	Bdsk-File-1 = {YnBsaXN0MDDUAQIDBAUGJCVYJHZlcnNpb25YJG9iamVjdHNZJGFyY2hpdmVyVCR0b3ASAAGGoKgHCBMUFRYaIVUkbnVsbNMJCgsMDxJXTlMua2V5c1pOUy5vYmplY3RzViRjbGFzc6INDoACgAOiEBGABIAFgAdccmVsYXRpdmVQYXRoWWFsaWFzRGF0YV8QVy4uLy4uLy4uLy4uLy4uL0xpYnJhcnkvQ2FjaGVzL01ldGFkYXRhL2VkdS51Y3NkLmNzLm1tY2NyYWNrLmJpYmRlc2svQWRhbWkyMDAyLmJkc2tjYWNoZdIXCxgZV05TLmRhdGFPEQIIAAAAAAIIAAIAAAxNYWNpbnRvc2ggSEQAAAAAAAAAAAAAAAAAAADJ50bkSCsAAAqDS4cTQWRhbWkyMDAyLmJkc2tjYWNoZQAAAAAAAAAAAAAAAAAAAAAAAAAAAAAAAAAAAAAAAAAAAAAAAAAAAAAAAAAACppo5NF5JQAAAAAAAAAAAAAFAAUAAAkgAAAAAAAAAAAAAAAAAAAAHGVkdS51Y3NkLmNzLm1tY2NyYWNrLmJpYmRlc2sAEAAIAADJ538kAAAAEQAIAADReV1AAAAAAQAYCoNLhwqAP/oACyesAAr/+gAJuxcAAJigAAIAZ01hY2ludG9zaCBIRDpVc2VyczoAYWRhbWk6AExpYnJhcnk6AENhY2hlczoATWV0YWRhdGE6AGVkdS51Y3NkLmNzLm1tY2NyYWNrLmJpYmRlc2s6AEFkYW1pMjAwMi5iZHNrY2FjaGUAAA4AKAATAEEAZABhAG0AaQAyADAAMAAyAC4AYgBkAHMAawBjAGEAYwBoAGUADwAaAAwATQBhAGMAaQBuAHQAbwBzAGgAIABIAEQAEgBUVXNlcnMvYWRhbWkvTGlicmFyeS9DYWNoZXMvTWV0YWRhdGEvZWR1LnVjc2QuY3MubW1jY3JhY2suYmliZGVzay9BZGFtaTIwMDIuYmRza2NhY2hlABMAAS8AABUAAgAM//8AAIAG0hscHR5aJGNsYXNzbmFtZVgkY2xhc3Nlc11OU011dGFibGVEYXRhox0fIFZOU0RhdGFYTlNPYmplY3TSGxwiI1xOU0RpY3Rpb25hcnmiIiBfEA9OU0tleWVkQXJjaGl2ZXLRJidUcm9vdIABAAgAEQAaACMALQAyADcAQABGAE0AVQBgAGcAagBsAG4AcQBzAHUAdwCEAI4A6ADtAPUDAQMDAwgDEwMcAyoDLgM1Az4DQwNQA1MDZQNoA20AAAAAAAACAQAAAAAAAAAoAAAAAAAAAAAAAAAAAAADbw==}}

@article{pmid21543442,
	Author = {Bailey, T. L.},
	Journal = {Bioinformatics},
	Month = {Jun},
	Number = {12},
	Pages = {1653--1659},
	Title = {{{D}{R}{E}{M}{E}: motif discovery in transcription factor {C}h{I}{P}-seq data}},
	Volume = {27},
	Year = {2011}}

@article{pmid21602262,
	Author = {Whitington, T. and Frith, M. C. and Johnson, J. and Bailey, T. L.},
	Journal = {Nucleic Acids Res.},
	Month = {Aug},
	Number = {15},
	Pages = {e98},
	Title = {{{I}nferring transcription factor complexes from {C}h{I}{P}-seq data}},
	Volume = {39},
	Year = {2011}}

@article{pmid21775309,
	Author = {Xu, M. and Weinberg, C. R. and Umbach, D. M. and Li, L.},
	Journal = {Bioinformatics},
	Month = {Oct},
	Number = {19},
	Pages = {2625--2632},
	Title = {{co{M}{O}{T}{I}{F}: a mixture framework for identifying transcription factor and a coregulator motif in {C}h{I}{P}-seq data}},
	Volume = {27},
	Year = {2011}}

@article{pmid12169566,
	Author = {Eskin, E. and Pevzner, P. A.},
	Journal = {Bioinformatics},
	Pages = {S354--363},
	Title = {{{F}inding composite regulatory patterns in {D}{N}{A} sequences}},
	Volume = {18 Suppl 1},
	Year = {2002}}

@article{pmid22247430,
	Author = {Satija, R. and Bradley, R. K.},
	Journal = {Genome Res.},
	Month = {Apr},
	Number = {4},
	Pages = {656--665},
	Title = {{{T}he {T}{A}{G}team motif facilitates binding of 21 sequence-specific transcription factors in the {D}rosophila embryo}},
	Volume = {22},
	Year = {2012}}

@article{pmid22075113,
	Author = {He, X. and Duque, T. S. and Sinha, S.},
	Journal = {Mol. Biol. Evol.},
	Month = {Mar},
	Number = {3},
	Pages = {1059--1070},
	Title = {{{E}volutionary origins of transcription factor binding site clusters}},
	Volume = {29},
	Year = {2012}}

@article{pmid20107516,
	Author = {Lusk, R. W. and Eisen, M. B.},
	Journal = {PLoS Genet.},
	Month = {Jan},
	Number = {1},
	Pages = {e1000829},
	Title = {{{E}volutionary mirages: selection on binding site composition creates the illusion of conserved grammars in {D}rosophila enhancers}},
	Volume = {6},
	Year = {2010}}

@article{pmid15795372,
	Author = {Papatsenko, D. and Levine, M.},
	Journal = {Proc. Natl. Acad. Sci. U.S.A.},
	Month = {Apr},
	Number = {14},
	Pages = {4966--4971},
	Title = {{{Q}uantitative analysis of binding motifs mediating diverse spatial readouts of the {D}orsal gradient in the {D}rosophila embryo}},
	Volume = {102},
	Year = {2005}}

@article{pmid19651703,
	Author = {Chopra, V. S. and Levine, M.},
	Journal = {Brief Funct Genomic Proteomic},
	Month = {Jul},
	Number = {4},
	Pages = {243--249},
	Title = {{{C}ombinatorial patterning mechanisms in the {D}rosophila embryo}},
	Volume = {8},
	Year = {2009}}

@article{pmid9813115,
	Author = {Robison, K. and McGuire, A. M. and Church, G. M.},
	Journal = {J. Mol. Biol.},
	Month = {Nov},
	Number = {2},
	Pages = {241--254},
	Title = {{{A} comprehensive library of {D}{N}{A}-binding site matrices for 55 proteins applied to the complete {E}scherichia coli {K}-12 genome}},
	Volume = {284},
	Year = {1998}}

@article{pmid17098775,
	Author = {Roider, H. G. and Kanhere, A. and Manke, T. and Vingron, M.},
	Journal = {Bioinformatics},
	Month = {Jan},
	Number = {2},
	Pages = {134--141},
	Title = {{{P}redicting transcription factor affinities to {D}{N}{A} from a biophysical model}},
	Volume = {23},
	Year = {2007}}

@article{pmid12384591,
	Author = {Benos, P. V. and Bulyk, M. L. and Stormo, G. D.},
	Journal = {Nucleic Acids Res.},
	Month = {Oct},
	Number = {20},
	Pages = {4442--4451},
	Title = {{{A}dditivity in protein-{D}{N}{A} interactions: how good an approximation is it?}},
	Volume = {30},
	Year = {2002}}

@article{pmid22954408,
	Author = {Stewart, A. J. and Seymour, R. M. and Pomiankowski, A. and Plotkin, J. B.},
	Journal = {BMC Evol. Biol.},
	Month = {Sep},
	Number = {1},
	Pages = {173},
	Title = {{{T}he population genetics of cooperative gene regulation}},
	Volume = {12},
	Year = {2012}}

@article{10.1371,
	Author = {Habib, Naomi AND Kaplan, Tommy AND Margalit, Hanah AND Friedman, Nir},
	Date-Modified = {2015-05-06 21:52:04 +0000},
	Journal = {PLoS Comput Biol},
	Number = {2},
	Pages = {e1000010},
	Title = {A Novel Bayesian DNA Motif Comparison Method for Clustering and Retrieval},
	Volume = {4},
	Year = {2008},
	Bdsk-Url-1 = {http://dx.plos.org/10.1371%2Fjournal.pcbi.1000010},
	Bdsk-Url-2 = {http://dx.doi.org/10.1371/journal.pcbi.1000010}}

@inproceedings{barasch,
	Author = {Barash, Y. and Elidan, G. and Kaplan, T. and Friedman.},
	Booktitle = {Proc of the 7th Ann Int Conf in Comp Mol Bio (RECOMB)},
	Date-Modified = {2015-05-13 19:59:34 +0000},
	Pages = {28-37},
	Title = {Modeling Dependencies in Protein-{DNA} Binding Sites},
	Year = {2003}}

@article{pmid18029246,
	Author = {Papatsenko, D. and Levine, M.},
	Journal = {Curr. Biol.},
	Month = {Nov},
	Number = {22},
	Pages = {R955--957},
	Title = {{{A} rationale for the enhanceosome and other evolutionarily constrained enhancers}},
	Volume = {17},
	Year = {2007}}

@article{pmid10487864,
	Author = {Hertz, G. Z. and Stormo, G. D.},
	Journal = {Bioinformatics},
	Number = {7-8},
	Pages = {563--577},
	Title = {{{I}dentifying {D}{N}{A} and protein patterns with statistically significant alignments of multiple sequences}},
	Volume = {15},
	Year = {1999}}

@article{pmid2919167,
	Author = {Stormo, G. D. and Hartzell, G. W.},
	Journal = {Proc. Natl. Acad. Sci. U.S.A.},
	Month = {Feb},
	Number = {4},
	Pages = {1183--1187},
	Title = {{{I}dentifying protein-binding sites from unaligned {D}{N}{A} fragments}},
	Volume = {86},
	Year = {1989}}

@article{pmid14762058,
	Author = {Bulyk, M. L. and McGuire, A. M. and Masuda, N. and Church, G. M.},
	Journal = {Genome Res.},
	Month = {Feb},
	Number = {2},
	Pages = {201--208},
	Title = {{{A} motif co-occurrence approach for genome-wide prediction of transcription-factor-binding sites in {E}scherichia coli}},
	Volume = {14},
	Year = {2004}}

@article{pmid2497520,
	Author = {Cross, S. L. and Halden, N. F. and Lenardo, M. J. and Leonard, W. J.},
	Journal = {Science},
	Month = {Apr},
	Number = {4903},
	Pages = {466--469},
	Title = {{{F}unctionally distinct {N}{F}-kappa {B} binding sites in the immunoglobulin kappa and {I}{L}-2 receptor alpha chain genes}},
	Volume = {244},
	Year = {1989}}

@article{Schneider.Stephens1990,
	Author = {T. D. Schneider and R. M. Stephens},
	Date-Modified = {2015-05-06 22:02:31 +0000},
	Journal = {Nucleic Acids Res.},
	Pages = {6097--6100},
	Title = {Sequence Logos: A New Way to Display Consensus Sequences},
	Volume = {18},
	Year = {1990}}

@article{Huang2001669,
	Author = {De-Bin Huang and Yong-Qing Chen and Markus Ruetsche and Christopher B. Phelps and Gourisankar Ghosh},
	Doi = {10.1016/S0969-2126(01)00635-9},
	Issn = {0969-2126},
	Journal = {Structure},
	Keywords = {protein/DNA complex},
	Number = {8},
	Pages = {669 - 678},
	Title = {X-Ray Crystal Structure of Proto-Oncogene Product c-Rel Bound to the CD28 Response Element of IL-2},
	Url = {http://www.sciencedirect.com/science/article/pii/S0969212601006359},
	Volume = {9},
	Year = {2001},
	Bdsk-Url-1 = {http://www.sciencedirect.com/science/article/pii/S0969212601006359},
	Bdsk-Url-2 = {http://dx.doi.org/10.1016/S0969-2126(01)00635-9}}

@article{Chen2000419,
	Author = {Yong-Qing Chen and Lei Lei Sengchanthalangsy and Arthur Hackett and Gourisankar Ghosh},
	Doi = {10.1016/S0969-2126(00)00123-4},
	Issn = {0969-2126},
	Journal = {Structure},
	Keywords = {X-ray crystallography},
	Number = {4},
	Pages = {419 - 428},
	Title = {NF-?B p65 (RelA) homodimer uses distinct mechanisms to recognize DNA targets},
	Url = {http://www.sciencedirect.com/science/article/pii/S0969212600001234},
	Volume = {8},
	Year = {2000},
	Bdsk-Url-1 = {http://www.sciencedirect.com/science/article/pii/S0969212600001234},
	Bdsk-Url-2 = {http://dx.doi.org/10.1016/S0969-2126(00)00123-4}}

@article{busse,
	Author = {Busse, Matthew S and Arnold, Christopher P and Towb, Par and Katrivesis, James and Wasserman, Steven A},
	Date-Modified = {2015-05-13 19:38:29 +0000},
	Doi = {10.1038/sj.emboj.7601798},
	Journal = {The EMBO Journal},
	Number = {16},
	Pages = {3826--3835},
	Publisher = {EMBO Press},
	Title = {A sequence code for pathway-specific innate immune responses},
	Volume = {26},
	Year = {2007},
	Bdsk-Url-1 = {http://dx.doi.org/10.1038/sj.emboj.7601798}}

@article{pmid14681366,
	Author = {Sandelin, A. and Alkema, W. and Engstrom, P. and Wasserman, W. W. and Lenhard, B.},
	Journal = {Nucleic Acids Res.},
	Month = {Jan},
	Number = {Database issue},
	Pages = {D91--94},
	Title = {{{J}{A}{S}{P}{A}{R}: an open-access database for eukaryotic transcription factor binding profiles}},
	Volume = {32},
	Year = {2004}}

@article{PhysRev.106.620,
	Author = {Jaynes, E. T.},
	Doi = {10.1103/PhysRev.106.620},
	Issue = {4},
	Journal = {Phys. Rev.},
	Month = {May},
	Pages = {620--630},
	Publisher = {American Physical Society},
	Title = {Information Theory and Statistical Mechanics},
	Url = {http://link.aps.org/doi/10.1103/PhysRev.106.620},
	Volume = {106},
	Year = {1957},
	Bdsk-Url-1 = {http://link.aps.org/doi/10.1103/PhysRev.106.620},
	Bdsk-Url-2 = {http://dx.doi.org/10.1103/PhysRev.106.620}}

@article{pmid17308342,
	Author = {Papatsenko, D.},
	Journal = {Bioinformatics},
	Month = {Apr},
	Number = {8},
	Pages = {1032--1034},
	Title = {{{C}luster{D}raw web server: a tool to identify and visualize clusters of binding motifs for transcription factors}},
	Volume = {23},
	Year = {2007}}

@article{pmid18174183,
	Author = {Pape, U. J. and Rahmann, S. and Vingron, M.},
	Journal = {Bioinformatics},
	Month = {Feb},
	Number = {3},
	Pages = {350--357},
	Title = {{{N}atural similarity measures between position frequency matrices with an application to clustering}},
	Volume = {24},
	Year = {2008}}

@article{pmid7584439,
	Author = {Bailey, T. L. and Elkan, C.},
	Journal = {Proc Int Conf Intell Syst Mol Biol},
	Pages = {21--29},
	Title = {{{T}he value of prior knowledge in discovering motifs with {M}{E}{M}{E}}},
	Volume = {3},
	Year = {1995}}

@article{pmid7584402,
	Author = {Bailey, T. L. and Elkan, C.},
	Journal = {Proc Int Conf Intell Syst Mol Biol},
	Pages = {28--36},
	Title = {{{F}itting a mixture model by expectation maximization to discover motifs in biopolymers}},
	Volume = {2},
	Year = {1994}}

@article{pmid2184437,
	Author = {Lawrence, C. E. and Reilly, A. A.},
	Journal = {Proteins},
	Number = {1},
	Pages = {41--51},
	Title = {{{A}n expectation maximization ({E}{M}) algorithm for the identification and characterization of common sites in unaligned biopolymer sequences}},
	Volume = {7},
	Year = {1990}}

@article{pmid7830764,
	Author = {Muller, C. W. and Rey, F. A. and Sodeoka, M. and Verdine, G. L. and Harrison, S. C.},
	Journal = {Nature},
	Month = {Jan},
	Number = {6512},
	Pages = {311--317},
	Title = {{{S}tructure of the {N}{F}-kappa {B} p50 homodimer bound to {D}{N}{A}}},
	Volume = {373},
	Year = {1995}}

@article{pmid7530332,
	Author = {Ghosh, G. and van Duyne, G. and Ghosh, S. and Sigler, P. B.},
	Journal = {Nature},
	Month = {Jan},
	Number = {6512},
	Pages = {303--310},
	Title = {{{S}tructure of {N}{F}-kappa {B} p50 homodimer bound to a kappa {B} site}},
	Volume = {373},
	Year = {1995}}

@article{pmid22609971,
	Author = {Sharon, E. and Kalma, Y. and Sharp, A. and Raveh-Sadka, T. and Levo, M. and Zeevi, D. and Keren, L. and Yakhini, Z. and Weinberger, A. and Segal, E.},
	Journal = {Nat. Biotechnol.},
	Month = {Jun},
	Number = {6},
	Pages = {521--530},
	Title = {{{I}nferring gene regulatory logic from high-throughput measurements of thousands of systematically designed promoters}},
	Volume = {30},
	Year = {2012}}

@article{pmid18725950,
	Author = {Sharon, E. and Lubliner, S. and Segal, E.},
	Journal = {PLoS Comput. Biol.},
	Number = {8},
	Pages = {e1000154},
	Title = {{{A} feature-based approach to modeling protein-{D}{N}{A} interactions}},
	Volume = {4},
	Year = {2008}}

@article{vectorspace,
	Author = {Lee, C. Huang, C.},
	Journal = {BMC Bioinformatics},
	Title = {{Searching for transcription factor binding sites in vector spaces}},
	Year = {2012}}

@article{pmid17238282,
	Author = {Down, T. A. and Bergman, C. M. and Su, J. and Hubbard, T. J.},
	Journal = {PLoS Comput. Biol.},
	Month = {Jan},
	Number = {1},
	Pages = {e7},
	Title = {{{L}arge-scale discovery of promoter motifs in {D}rosophila melanogaster}},
	Volume = {3},
	Year = {2007}}

@article{Down01012005,
	Author = {Down, Thomas A. and Hubbard, Tim J. P.},
	Doi = {10.1093/nar/gki282},
	Journal = {Nucleic Acids Research},
	Number = {5},
	Pages = {1445-1453},
	Title = {NestedMICA: sensitive inference of over-represented motifs in nucleic acid sequence},
	Volume = {33},
	Year = {2005},
	Bdsk-Url-1 = {http://dx.doi.org/10.1093/nar/gki282}}

@article{pmid24339764,
	Author = {Chen, C. C. and Xiao, S. and Xie, D. and Cao, X. and Song, C. X. and Wang, T. and He, C. and Zhong, S.},
	Journal = {PLoS Comput. Biol.},
	Number = {12},
	Pages = {e1003367},
	Title = {{{U}nderstanding variation in transcription factor binding by modeling transcription factor genome-epigenome interactions}},
	Volume = {9},
	Year = {2013}}

@article{pmid2082934,
	Author = {Berg, O. G.},
	Journal = {Biomed. Biochim. Acta},
	Number = {8-9},
	Pages = {963--975},
	Title = {{{B}ase-pair specificity of protein-{D}{N}{A} recognition: a statistical-mechanical model}},
	Volume = {49},
	Year = {1990}}

@article{pmid7584440,
	Author = {Krogh, A. and Mitchison, G.},
	Journal = {Proc Int Conf Intell Syst Mol Biol},
	Pages = {215--221},
	Title = {{{M}aximum entropy weighting of aligned sequences of proteins or {D}{N}{A}}},
	Volume = {3},
	Year = {1995}}

@article{BSA,
	Author = {Durbin, R. and Eddy, S. and Krogh, A. and Mitchison, G.},
	Journal = {Cambridge Press},
	Title = {{Bilogical sequence analysis}},
	Year = {1998}}

@book{MEP,
	Address = {Cambridge, MA},
	Date-Modified = {2015-05-13 19:57:51 +0000},
	Editor = {Raphael D. Levine and Myron Tribus},
	Publisher = {MIT Press},
	Title = {{The Maximum Entropy Formalism}},
	Year = {1978}}

@article{pmid15637633,
	Author = {Tompa, M. and Li, N. and Bailey, T. L. and Church, G. M. and De Moor, B. and Eskin, E. and Favorov, A. V. and Frith, M. C. and Fu, Y. and Kent, W. J. and Makeev, V. J. and Mironov, A. A. and Noble, W. S. and Pavesi, G. and Pesole, G. and Regnier, M. and Simonis, N. and Sinha, S. and Thijs, G. and van Helden, J. and Vandenbogaert, M. and Weng, Z. and Workman, C. and Ye, C. and Zhu, Z.},
	Journal = {Nat. Biotechnol.},
	Month = {Jan},
	Number = {1},
	Pages = {137--144},
	Title = {{{A}ssessing computational tools for the discovery of transcription factor binding sites}},
	Volume = {23},
	Year = {2005}}

@article{pmid6364039,
	Author = {Staden, R.},
	Journal = {Nucleic Acids Res.},
	Month = {Jan},
	Number = {1 Pt 2},
	Pages = {505--519},
	Title = {{{C}omputer methods to locate signals in nucleic acid sequences}},
	Volume = {12},
	Year = {1984}}

@article{pmid10705431,
	Author = {Wagner, A.},
	Journal = {Bioinformatics},
	Month = {Oct},
	Number = {10},
	Pages = {776--784},
	Title = {{{G}enes regulated cooperatively by one or more transcription factors and their identification in whole eukaryotic genomes}},
	Volume = {15},
	Year = {1999}}

@article{pmid8990122,
	Author = {Wolfe, S. A. and Zhou, P. and Dotsch, V. and Chen, L. and You, A. and Ho, S. N. and Crabtree, G. R. and Wagner, G. and Verdine, G. L.},
	Journal = {Nature},
	Month = {Jan},
	Number = {6612},
	Pages = {172--176},
	Title = {{{U}nusual {R}el-like architecture in the {D}{N}{A}-binding domain of the transcription factor {N}{F}{A}{T}c}},
	Volume = {385},
	Year = {1997}}

@article{pmid21890896,
	Author = {Mrinal, N. and Tomar, A. and Nagaraju, J.},
	Journal = {Nucleic Acids Res.},
	Month = {Dec},
	Number = {22},
	Pages = {9574--9591},
	Title = {{{R}ole of sequence encoded {D}{N}{A} geometry in gene regulation by {D}orsal}},
	Volume = {39},
	Year = {2011}}

@article{pmid19627575,
	Author = {MacArthur, S. and Li, X. Y. and Li, J. and Brown, J. B. and Chu, H. C. and Zeng, L. and Grondona, B. P. and Hechmer, A. and Simirenko, L. and Keranen, S. V. and Knowles, D. W. and Stapleton, M. and Bickel, P. and Biggin, M. D. and Eisen, M. B.},
	Journal = {Genome Biol.},
	Number = {7},
	Pages = {R80},
	Title = {{{D}evelopmental roles of 21 {D}rosophila transcription factors are determined by quantitative differences in binding to an overlapping set of thousands of genomic regions}},
	Volume = {10},
	Year = {2009}}

@article{pmid16103898,
	Author = {Kaplan, T. and Friedman, N. and Margalit, H.},
	Journal = {PLoS Comput. Biol.},
	Month = {Jun},
	Number = {1},
	Pages = {e1},
	Title = {{{A}b initio prediction of transcription factor targets using structural knowledge}},
	Volume = {1},
	Year = {2005}}

@article{pmid21304941,
	Author = {Kaplan, T. and Li, X. Y. and Sabo, P. J. and Thomas, S. and Stamatoyannopoulos, J. A. and Biggin, M. D. and Eisen, M. B.},
	Journal = {PLoS Genet.},
	Number = {2},
	Pages = {e1001290},
	Title = {{{Q}uantitative models of the mechanisms that control genome-wide patterns of transcription factor binding during early {D}rosophila development}},
	Volume = {7},
	Year = {2011}}

@article{pmid21124945,
	Author = {Bauer, A. L. and Hlavacek, W. S. and Unkefer, P. J. and Mu, F.},
	Journal = {PLoS Comput. Biol.},
	Number = {11},
	Pages = {e1001007},
	Title = {{{U}sing sequence-specific chemical and structural properties of {D}{N}{A} to predict transcription factor binding sites}},
	Volume = {6},
	Year = {2010}}

@article{pmid17921174,
	Author = {Jiang, B. and Zhang, M. Q. and Zhang, X.},
	Journal = {Bioinformatics},
	Month = {Nov},
	Number = {21},
	Pages = {2823--2828},
	Title = {{{O}{S}{C}{A}{R}: one-class {S}{V}{M} for accurate recognition of cis-elements}},
	Volume = {23},
	Year = {2007}}

@article{pmid14962923,
	Author = {Jensen, S. T. and Liu, J. S.},
	Journal = {Bioinformatics},
	Month = {Jul},
	Number = {10},
	Pages = {1557--1564},
	Title = {{{B}io{O}ptimizer: a {B}ayesian scoring function approach to motif discovery}},
	Volume = {20},
	Year = {2004}}

@article{pmid16246914,
	Author = {Morozov, A. V. and Havranek, J. J. and Baker, D. and Siggia, E. D.},
	Journal = {Nucleic Acids Res.},
	Number = {18},
	Pages = {5781--5798},
	Title = {{{P}rotein-{D}{N}{A} binding specificity predictions with structural models}},
	Volume = {33},
	Year = {2005}}

@article{pmid16845069,
	Author = {Sinha, S. and Liang, Y. and Siggia, E.},
	Journal = {Nucleic Acids Res.},
	Month = {Jul},
	Number = {Web Server issue},
	Pages = {W555--559},
	Title = {{{S}tubb: a program for discovery and analysis of cis-regulatory modules}},
	Volume = {34},
	Year = {2006}}

@article{Gallo21102010,
	Author = {Gallo, Steven M. and Gerrard, Dave T. and Miner, David and Simich, Michael and Des Soye, Benjamin and Bergman, Casey M. and Halfon, Marc S.},
	Journal = {Nucleic Acids Research},
	Title = {REDfly v3.0: toward a comprehensive database of transcriptional regulatory elements in Drosophila},
	Year = {2010}}

@article{pmid3612791,
	Author = {Berg, O. G. and von Hippel, P. H.},
	Journal = {J. Mol. Biol.},
	Month = {Feb},
	Pages = {723--750},
	Title = {{{S}election of {D}{N}{A} binding sites by regulatory proteins. {S}tatistical-mechanical theory and application to operators and promoters}},
	Volume = {193},
	Year = {1987}}

@article{pmid3525846,
	Author = {Schneider, T. D. and Stormo, G. D. and Gold, L. and Ehrenfeucht, A.},
	Journal = {J. Mol. Biol.},
	Month = {Apr},
	Pages = {415--431},
	Title = {{{I}nformation content of binding sites on nucleotide sequences}},
	Volume = {188},
	Year = {1986}}

@article{pmid22320231,
	Author = {Adami, C.},
	Journal = {Ann. N. Y. Acad. Sci.},
	Month = {May},
	Pages = {49--65},
	Title = {{{T}he use of information theory in evolutionary biology}},
	Volume = {1256},
	Year = {2012}}

@book{hobson,
	Address = {New York},
	Author = {Hobson, A},
	Date-Modified = {2014-12-31 23:52:22 +0000},
	Publisher = {Gordon and Breach},
	Title = {{Concepts in Statistical Mechanics}},
	Year = {1971}}

@article{wakeley,
	Author = {Wakeley, J},
	Title = {{Coalescent Theory: An Introduction}},
	Year = {2008}}

@article{3456604,
	Author = {von Hippel, P. H. and Berg, O. G.},
	Journal = {Proc. Natl. Acad. Sci. U.S.A.},
	Month = {Mar},
	Pages = {1608--1612},
	Title = {{{O}n the specificity of {D}{N}{A}-protein interactions}},
	Volume = {83},
	Year = {1986}}

@article{Moses04phylogeneticmotif,
	Author = {A. M. Moses and M. B. Eisen},
	Journal = {Pac. Symp. Biocomput},
	Pages = {324--335},
	Title = {Phylogenetic motif detection by expectation-maximization on evolutionary mixtures},
	Volume = {324},
	Year = {2004}}

@article{pmid12946282,
	Author = {Moses, A. M. and Chiang, D. Y. and Kellis, M. and Lander, E. S. and Eisen, M. B.},
	Journal = {BMC Evol. Biol.},
	Month = {Aug},
	Pages = {19},
	Title = {{{P}osition specific variation in the rate of evolution in transcription factor binding sites}},
	Volume = {3},
	Year = {2003}}

@article{pmid4416620,
	Author = {McGhee, J. D. and von Hippel, P. H.},
	Journal = {J. Mol. Biol.},
	Month = {Jun},
	Number = {2},
	Pages = {469--489},
	Title = {{{T}heoretical aspects of {D}{N}{A}-protein interactions: co-operative and non-co-operative binding of large ligands to a one-dimensional homogeneous lattice}},
	Volume = {86},
	Year = {1974}}

@article{Shutzabergerpmid18030333,
	Author = {Shultzaberger, R. K. and Chiang, D. Y. and Moses, A. M. and Eisen, M. B.},
	Journal = {PLoS ONE},
	Number = {11},
	Pages = {e1199},
	Title = {{{D}etermining physical constraints in transcriptional initiation complexes using {D}{N}{A} sequence analysis}},
	Volume = {2},
	Year = {2007}}

@incollection{345660479,
	Address = {New York},
	Author = {von Hippel, P. H.},
	Booktitle = {Biological Regulation and Development},
	Date-Modified = {2015-01-01 00:02:03 +0000},
	Editor = {R.F.Goldberger},
	Pages = {279-347},
	Publisher = {Plenum Publishing},
	Title = {On the molecular bases of the specificity of interaction of transcriptional proteins with genome DNA},
	Volume = {1},
	Year = {1979}}

@book{landaumech,
	Author = {Landau, D. and I. Lifshitz},
	Date-Modified = {2015-05-06 21:47:19 +0000},
	Publisher = {Butterworth Heinemann},
	Title = {{Mechanics}},
	Volume = {1},
	Year = {1976}}

@inproceedings{Nemenman02entropyand,
	Author = {Ilya Nemenman and Fariel Shafee and William Bialek},
	Booktitle = {Advances in Neural Information Processing Systems 14},
	Date-Modified = {2015-05-13 19:41:16 +0000},
	Pages = {471-478},
	Publisher = {MIT Press},
	Title = {Entropy and inference, revisited},
	Year = {2002}}

@book{bishop,
	Address = {Rockville, MD},
	Author = {Bishop},
	Date-Modified = {2014-12-31 23:57:30 +0000},
	Publisher = {Computer Science Press},
	Title = {Pattern Recognition and {Machine Learning}},
	Volume = {1},
	Year = {1985}}

@book{LAllen,
	Author = {Allen, L.},
	Edition = {2},
	Publisher = {CRC PRess},
	Title = {{An Introduction to Stochastic Processes with Applications to Biology}},
	Year = {2011}}

@article{pmid19232770,
	Author = {Mustonen, V. and Lassig, M.},
	Journal = {Trends Genet.},
	Month = {Mar},
	Number = {3},
	Pages = {111--119},
	Title = {{{F}rom fitness landscapes to seascapes: non-equilibrium dynamics of selection and adaptation}},
	Volume = {25},
	Year = {2009}}

@book{hartl,
	Author = {Hartl, Daniel},
	Edition = {3},
	Title = {{Principles of Population Genetics}},
	Volume = {1},
	Year = {1997}}

@article{Berg15081992,
	Author = {{Berg, O G}},
	Journal = {{Proceedings of the National Academy of Sciences}},
	Number = {{16}},
	Pages = {{7501-7505}},
	Title = {{The evolutionary selection of DNA base pairs in gene-regulatory binding sites.}},
	Volume = {{89}},
	Year = {{1992}}}

@article{pmid3290847,
	Author = {Berg, O. G.},
	Journal = {Nucleic Acids Res.},
	Month = {Jun},
	Pages = {5089--5105},
	Title = {{{S}election of {D}{N}{A} binding sites by regulatory proteins: the {L}ex{A} protein and the arginine repressor use different strategies for functional specificity}},
	Volume = {16},
	Year = {1988}}

@article{Gillespie1992404,
	Author = {Daniel T. Gillespie},
	Doi = {DOI: 10.1016/0378-4371(92)90283-V},
	Issn = {0378-4371},
	Journal = {Physica A: Statistical Mechanics and its Applications},
	Number = {1-3},
	Pages = {404 - 425},
	Title = {A rigorous derivation of the chemical master equation},
	Url = {http://www.sciencedirect.com/science/article/B6TVG-46FX396-7N/2/a0537c1efc0f5c330fa05b5e4ae61b98},
	Volume = {188},
	Year = {1992},
	Bdsk-Url-1 = {http://www.sciencedirect.com/science/article/B6TVG-46FX396-7N/2/a0537c1efc0f5c330fa05b5e4ae61b98},
	Bdsk-Url-2 = {http://dx.doi.org/10.1016/0378-4371(92)90283-V}}

@article{djorpmid14597652,
	Author = {Djordjevic, M. and Sengupta, A. M. and Shraiman, B. I.},
	Journal = {Genome Res.},
	Month = {Nov},
	Pages = {2381--2390},
	Title = {{{A} biophysical approach to transcription factor binding site discovery}},
	Volume = {13},
	Year = {2003}}

@article{PhysRevE.79.051901,
	Author = {Tka\ifmmode \check{c}\else \v{c}\fi{}ik, Ga\ifmmode \check{s}\else \v{s}\fi{}per and Bialek, William},
	Doi = {10.1103/PhysRevE.79.051901},
	Journal = {Phys. Rev. E},
	Month = {May},
	Number = {5},
	Numpages = {9},
	Pages = {051901},
	Publisher = {American Physical Society},
	Title = {Diffusion, dimensionality, and noise in transcriptional regulation},
	Volume = {79},
	Year = {2009},
	Bdsk-Url-1 = {http://dx.doi.org/10.1103/PhysRevE.79.051901}}

@book{Atkins,
	Author = {Atkins,P. and de Paula, J},
	Jornal = {Textbook},
	Publisher = {W.H. Freeman and Company},
	Title = {Physical Chemistry},
	Year = {2002}}

@article{Kittel,
	Author = {Kittel,C. and Kroemer, H.},
	Jornal = {Textbook},
	Title = {Thermal Physics},
	Year = {1980}}

@article{Alberty,
	Author = {Alberty,R. and Sibley,R},
	Jornal = {Textbook},
	Title = {Physical Chemistry},
	Year = {1996}}

@article{Plonus,
	Author = {Plonus,Martin},
	Jornal = {Textbook},
	Title = {Electronics and Communications for Engineers and Scientists},
	Year = {2001}}

@article{Shannon,
	Author = {Shannon, Claude},
	Jornal = {Bell System Technical Journal},
	Title = {A mathematical theory of communications},
	Year = {1948}}

@article{pmid11845210,
	Author = {Houchmandzadeh, B. and Wieschaus, E. and Leibler, S.},
	Journal = {Nature},
	Month = {Feb},
	Pages = {798--802},
	Title = {{{E}stablishment of developmental precision and proportions in the early {D}rosophila embryo}},
	Volume = {415},
	Year = {2002}}

@article{Response,
	Author = {Bialek, William; Gregor, Thomas; Tank, David W.; Wieschaus, Eric F.},
	Journal = {Cell},
	Pages = {17 - 18},
	Title = {Response: Can We Fit All of the Data?},
	Volume = {132},
	Year = {2007}}

@article{pmid17903288,
	Author = {Lassig, M.},
	Journal = {BMC Bioinformatics},
	Pages = {S7},
	Title = {{{F}rom biophysics to evolutionary genetics: statistical aspects of gene regulation}},
	Volume = {8 Suppl 6},
	Year = {2007}}

@article{designp,
	Author = {Alon, Uri},
	Journal = {Chapman Hall CRC},
	Title = {An Introduction to Systems Biology: Design Principles of Biological Circuits},
	Year = {2006}}

@article{bol,
	Author = {Hamid Bolouri},
	Jornal = {Imperial Press},
	Title = {COMPUTATIONAL MODELING OF GENE REGULATORY NETWORKS A PRIMER},
	Year = {2008}}

@article{Nomorph,
	Author = {Hamid Bolouri},
	Journal = {BioEssays},
	Title = {Embryonic pattern formation without morphogens},
	Year = {2008}}

@article{pmid17298180,
	Author = {Bergmann, S. and Sandler, O. and Sberro, H. and Shnider, S. and Schejter, E. and Shilo, B. Z. and Barkai, N.},
	Journal = {PLoS Biol.},
	Month = {Feb},
	Pages = {e46},
	Title = {{{P}re-steady-state decoding of the {B}icoid morphogen gradient}},
	Volume = {5},
	Year = {2007}}

@article{kreitman,
	Author = {Miles, C. M., Lott, S. E., Luengo Hendriks, C. L., Ludwig, M. Z., Manu., Williams, C. L. and Kreitman, M.},
	Journal = {Evolution},
	Pages = {33\9642},
	Title = {ARTIFICIAL SELECTION ON EGG SIZE PERTURBS EARLY PATTERN FORMATION IN DROSOPHILA MELANOGASTER.},
	Volume = {65},
	Year = {2011}}

@article{pmid20339533,
	Author = {Siddharthan, R.},
	Journal = {PLoS ONE},
	Number = {3},
	Pages = {e9722},
	Title = {{{D}inucleotide weight matrices for predicting transcription factor binding sites: generalizing the position weight matrix}},
	Volume = {5},
	Year = {2010}}

@article{He2010697,
	Author = {Feng He and Timothy E. Saunders and Ying Wen and David Cheung and Renjie Jiao and Pieter Rein ten Wolde and Martin Howard and Jun Ma},
	Doi = {DOI: 10.1016/j.bpj.2010.04.073},
	Issn = {0006-3495},
	Journal = {Biophysical Journal},
	Number = {3},
	Pages = {697 - 707},
	Title = {Shaping a Morphogen Gradient for Positional Precision},
	Url = {http://www.sciencedirect.com/science/article/B94RW-50P5BMH-4/2/abca00c1efe79ed55c549ffabe6e1d29},
	Volume = {99},
	Year = {2010},
	Bdsk-Url-1 = {http://www.sciencedirect.com/science/article/B94RW-50P5BMH-4/2/abca00c1efe79ed55c549ffabe6e1d29},
	Bdsk-Url-2 = {http://dx.doi.org/10.1016/j.bpj.2010.04.073}}

@article{pmid20969803,
	Author = {Dresch, Jacqueline and Liu, Xiaozhou and Arnosti, David and Ay, Ahmet},
	Journal = {BMC Systems Biology},
	Number = {1},
	Pages = {142},
	Title = {Thermodynamic modeling of transcription: sensitivity analysis differentiates biological mechanism from mathematical model-induced effects},
	Volume = {4},
	Year = {2010}}

@article{Fujita,
	Abstract = {The University of California, Santa Cruz Genome Browser (http://genome.ucsc.edu) offers online access to a database of genomic sequence and annotation data for a wide variety of organisms. The Browser also has many tools for visualizing, comparing and analyzing both publicly available and user-generated genomic data sets, aligning sequences and uploading user data. Among the features released this year are a gene search tool and annotation track drag-reorder functionality as well as support for BAM and BigWig/BigBed file formats. New display enhancements include overlay of multiple wiggle tracks through use of transparent coloring, options for displaying transformed wiggle data, a \E2{\"A}{\`o}mean+whiskers\E2{\"A}{\^o} windowing function for display of wiggle data at high zoom levels, and more color schemes for microarray data. New data highlights include seven new genome assemblies, a Neandertal genome data portal, phenotype and disease association data, a human RNA editing track, and a zebrafish Conservation track. We also describe updates to existing tracks.},
	Author = {Fujita, Pauline A. and Rhead, Brooke and Zweig, Ann S. and Hinrichs, Angie S. and Karolchik, Donna and Cline, Melissa S. and Goldman, Mary and Barber, Galt P. and Clawson, Hiram and Coelho, Antonio and Diekhans, Mark and Dreszer, Timothy R. and Giardine, Belinda M. and Harte, Rachel A. and Hillman-Jackson, Jennifer and Hsu, Fan and Kirkup, Vanessa and Kuhn, Robert M. and Learned, Katrina and Li, Chin H. and Meyer, Laurence R. and Pohl, Andy and Raney, Brian J. and Rosenbloom, Kate R. and Smith, Kayla E. and Haussler, David and Kent, W. James},
	Date-Modified = {2015-05-06 21:59:35 +0000},
	Journal = {Nucleic Acids Research},
	Title = {{The UCSC Genome Browser database: update 2011}},
	Bdsk-Url-1 = {http://nar.oxfordjournals.org/content/early/2010/10/18/nar.gkq963.abstract},
	Bdsk-Url-2 = {http://dx.doi.org/10.1093/nar/gkq963}}

@article{Stathopoulos2002687,
	Author = {Angelike Stathopoulos and Madeleine Van Drenth and Albert Erives and Michele Markstein and Michael Levine},
	Doi = {DOI: 10.1016/S0092-8674(02)01087-5},
	Issn = {0092-8674},
	Journal = {Cell},
	Number = {5},
	Pages = {687 - 701},
	Title = {Whole-Genome Analysis of Dorsal-Ventral Patterning in the Drosophila Embryo},
	Url = {http://www.sciencedirect.com/science/article/B6WSN-4C5HF3Y-B/2/fe36d654065de70debe7e805aad1ddf9},
	Volume = {111},
	Year = {2002},
	Bdsk-Url-1 = {http://www.sciencedirect.com/science/article/B6WSN-4C5HF3Y-B/2/fe36d654065de70debe7e805aad1ddf9},
	Bdsk-Url-2 = {http://dx.doi.org/10.1016/S0092-8674(02)01087-5}}

@book{hill,
	Author = {Hill, Terrell L},
	Date-Modified = {2015-05-13 19:42:56 +0000},
	Publisher = {New York: Springer-Verlag},
	Title = {Cooperativity Theory in Biochemistry: Steady-state and Equilibrium Systems},
	Type = {Book; Book/Illustrated},
	Year = {1985}}

@book{hill1986introduction,
  title={An Introduction to Statistical Thermodynamics},
  author={Hill, T.L.},
  series={Dover Books on Physics and Chemistry},
  year={1986},
  publisher={New York : Dover Publications}
}
@article{pmid18505835,
	Author = {Hendrix, D. A. and Hong, J. W. and Zeitlinger, J. and Rokhsar, D. S. and Levine, M. S.},
	Journal = {Proc. Natl. Acad. Sci. U.S.A.},
	Month = {Jun},
	Pages = {7762--7767},
	Title = {{{P}romoter elements associated with {R}{N}{A} {P}ol {I}{I} stalling in the {D}rosophila embryo}},
	Volume = {105},
	Year = {2008}}

@article{perplexus,
	Author = {Reinitz,J. and Hou,S. and Sharp,D.},
	Journal = {Complexus},
	Pages = {54--64},
	Title = {{Transcriptional Control in Drosophila}},
	Volume = {1},
	Year = {2003}}

@article{pmid14983022,
	Author = {Brown, C. T. and Callan, C. G.},
	Journal = {Proc. Natl. Acad. Sci. U.S.A.},
	Month = {Feb},
	Number = {8},
	Pages = {2404--2409},
	Title = {{{E}volutionary comparisons suggest many novel c{A}{M}{P} response protein binding sites in {E}scherichia coli}},
	Volume = {101},
	Year = {2004}}

@article{19627575,
	Author = {MacArthur, Stewart and Li, Xiao-Yong and Li, Jingyi and Brown, James and Chu, Hou Cheng and Zeng, Lucy and Grondona, Brandi and Hechmer, Aaron and Simirenko, Lisa and Keranen, Soile and Knowles, David and Stapleton, Mark and Bickel, Peter and Biggin, Mark and Eisen, Michael},
	Doi = {10.1186/gb-2009-10-7-r80},
	Issn = {1465-6906},
	Journal = {Genome Biology},
	Number = {7},
	Pages = {R80},
	Pubmedid = {19627575},
	Title = {Developmental roles of 21 Drosophila transcription factors are determined by quantitative differences in binding to an overlapping set of thousands of genomic regions},
	Url = {http://genomebiology.com/2009/10/7/R80},
	Volume = {10},
	Year = {2009},
	Bdsk-Url-1 = {http://genomebiology.com/2009/10/7/R80},
	Bdsk-Url-2 = {http://dx.doi.org/10.1186/gb-2009-10-7-r80}}

@article{pmid16352710,
	Author = {Gregor, T. and Bialek, W. and de Ruyter van Steveninck, R. R. and Tank, D. W. and Wieschaus, E. F.},
	Journal = {Proc. Natl. Acad. Sci. U.S.A.},
	Month = {Dec},
	Pages = {18403--18407},
	Title = {{{D}iffusion and scaling during early embryonic pattern formation}},
	Volume = {102},
	Year = {2005}}

@article{Boettiger07242009,
	Abstract = {Drosophila embryogenesis is characterized by rapid transitions in gene activity, whereby crudely distributed gradients of regulatory proteins give way to precise on/off patterns of gene expression. To explore the underlying mechanisms, a partially automated, quantitative in situ hybridization method was used to visualize expression profiles of 14 developmental control genes in hundreds of embryos. These studies revealed two distinct patterns of gene activation: synchronous and stochastic. Synchronous genes display essentially uniform expression of nascent transcripts in all cells of an embryonic tissue, whereas stochastic genes display erratic patterns of de novo activation. RNA polymerase II is "pre-loaded" (stalled) in the promoter regions of synchronous genes, but not stochastic genes. Transcriptional synchrony might ensure the orderly deployment of the complex gene regulatory networks that control embryogenesis.
},
	Author = {Boettiger, Alistair N. and Levine, Michael},
	Date-Modified = {2015-05-06 21:59:15 +0000},
	Journal = {Science},
	Number = {5939},
	Pages = {471-473},
	Title = {{Synchronous and Stochastic Patterns of Gene Activation in the Drosophila Embryo}},
	Volume = {325},
	Year = {2009},
	Bdsk-Url-1 = {http://www.sciencemag.org/cgi/content/abstract/325/5939/471},
	Bdsk-Url-2 = {http://dx.doi.org/10.1126/science.1173976}}

@article{pmid19996178,
	Author = {Kanodia, J. S. and Rikhy, R. and Kim, Y. and Lund, V. K. and DeLotto, R. and Lippincott-Schwartz, J. and Shvartsman, S. Y.},
	Journal = {Proc. Natl. Acad. Sci. U.S.A.},
	Month = {Dec},
	Pages = {21707--21712},
	Title = {{{D}ynamics of the {D}orsal morphogen gradient}},
	Volume = {106},
	Year = {2009}}

@article{pmid11060240,
	Author = {Chen, G. and Handel, K. and Roth, S.},
	Journal = {Development},
	Month = {Dec},
	Pages = {5145--5156},
	Title = {{{T}he maternal {N}{F}-kappa{B}/dorsal gradient of {T}ribolium castaneum: dynamics of early dorsoventral patterning in a short-germ beetle}},
	Volume = {127},
	Year = {2000}}

@article{pmid17032752,
	Author = {Senger, K. and Harris, K. and Levine, M.},
	Journal = {Proc. Natl. Acad. Sci. U.S.A.},
	Month = {Oct},
	Pages = {15957--15962},
	Title = {{{G}{A}{T}{A} factors participate in tissue-specific immune responses in {D}rosophila larvae}},
	Volume = {103},
	Year = {2006}}

@article{pmid17324271,
	Author = {Gupta, S. and Stamatoyannopoulos, J. A. and Bailey, T. L. and Noble, W. S.},
	Journal = {Genome Biol.},
	Number = {2},
	Pages = {R24},
	Title = {{{Q}uantifying similarity between motifs}},
	Volume = {8},
	Year = {2007}}

@article{pmid16750631,
	Author = {Zinzen, R. P. and Senger, K. and Levine, M. and Papatsenko, D.},
	Journal = {Curr. Biol.},
	Month = {Jul},
	Pages = {1358--1365},
	Title = {{{C}omputational models for neurogenic gene expression in the {D}rosophila embryo}},
	Volume = {16},
	Year = {2006}}

@article{pmid8453668,
	Author = {Jiang, J. and Levine, M.},
	Journal = {Cell},
	Month = {Mar},
	Pages = {741--752},
	Title = {{{B}inding affinities and cooperative interactions with b{H}{L}{H} activators delimit threshold responses to the dorsal gradient morphogen}},
	Volume = {72},
	Year = {1993}}

@article{Jiang1993741,
	Author = {Jin Jiang and Michael Levine},
	Doi = {DOI: 10.1016/0092-8674(93)90402-C},
	Issn = {0092-8674},
	Journal = {Cell},
	Number = {5},
	Pages = {741 - 752},
	Title = {Binding affinities and cooperative interactions with bHLH activators delimit threshold responses to the dorsal gradient morphogen},
	Url = {http://www.sciencedirect.com/science/article/B6WSN-4C6BN09-B/2/ddafc6a57d5f1b4d5480653e2842b4c1},
	Volume = {72},
	Year = {1993},
	Bdsk-Url-1 = {http://www.sciencedirect.com/science/article/B6WSN-4C6BN09-B/2/ddafc6a57d5f1b4d5480653e2842b4c1},
	Bdsk-Url-2 = {http://dx.doi.org/10.1016/0092-8674(93)90402-C}}

@article{pmid1325394,
	Author = {Ip, Y. T. and Park, R. E. and Kosman, D. and Bier, E. and Levine, M.},
	Journal = {Genes Dev.},
	Month = {Sep},
	Pages = {1728--1739},
	Title = {{{T}he dorsal gradient morphogen regulates stripes of rhomboid expression in the presumptive neuroectoderm of the {D}rosophila embryo}},
	Volume = {6},
	Year = {1992}}

@article{pmid8458580,
	Author = {Huang, J. D. and Schwyter, D. H. and Shirokawa, J. M. and Courey, A. J.},
	Journal = {Genes Dev.},
	Month = {Apr},
	Number = {4},
	Pages = {694--704},
	Title = {{{T}he interplay between multiple enhancer and silencer elements defines the pattern of decapentaplegic expression}},
	Volume = {7},
	Year = {1993}}

@article{pmid1648449,
	Author = {Thisse, C. and Perrin-Schmitt, F. and Stoetzel, C. and Thisse, B.},
	Journal = {Cell},
	Month = {Jun},
	Number = {7},
	Pages = {1191--1201},
	Title = {{{S}equence-specific transactivation of the {D}rosophila twist gene by the dorsal gene product}},
	Volume = {65},
	Year = {1991}}

@article{pmid8264640,
	Author = {Kirov, N. and Childs, S. and O'Connor, M. and Rushlow, C.},
	Journal = {Mol. Cell. Biol.},
	Month = {Jan},
	Number = {1},
	Pages = {713--722},
	Title = {{{T}he {D}rosophila dorsal morphogen represses the tolloid gene by interacting with a silencer element}},
	Volume = {14},
	Year = {1994}}

@article{pmid1655572,
	Author = {Jiang, J. and Kosman, D. and Ip, Y. T. and Levine, M.},
	Journal = {Genes Dev.},
	Month = {Oct},
	Pages = {1881--1891},
	Title = {{{T}he dorsal morphogen gradient regulates the mesoderm determinant twist in early {D}rosophila embryos}},
	Volume = {5},
	Year = {1991}}

@article{pmid1925551,
	Author = {Kosman, D. and Ip, Y. T. and Levine, M. and Arora, K.},
	Journal = {Science},
	Month = {Oct},
	Pages = {118--122},
	Title = {{{E}stablishment of the mesoderm-neuroectoderm boundary in the {D}rosophila embryo}},
	Volume = {254},
	Year = {1991}}

@article{pmid2493990,
	Author = {Murre, C. and McCaw, P. S. and Baltimore, D.},
	Journal = {Cell},
	Month = {Mar},
	Pages = {777--783},
	Title = {{{A} new {D}{N}{A} binding and dimerization motif in immunoglobulin enhancer binding, daughterless, {M}yo{D}, and myc proteins}},
	Volume = {56},
	Year = {1989}}

@article{pmid19372434,
	Author = {Meijsing, S. H. and Pufall, M. A. and So, A. Y. and Bates, D. L. and Chen, L. and Yamamoto, K. R.},
	Journal = {Science},
	Month = {Apr},
	Number = {5925},
	Pages = {407--410},
	Title = {{{D}{N}{A} binding site sequence directs glucocorticoid receptor structure and activity}},
	Volume = {324},
	Year = {2009}}

@article{pmid15315758,
	Author = {Leung, T. H. and Hoffmann, A. and Baltimore, D.},
	Journal = {Cell},
	Month = {Aug},
	Number = {4},
	Pages = {453--464},
	Title = {{{O}ne nucleotide in a kappa{B} site can determine cofactor specificity for {N}{F}-kappa{B} dimers}},
	Volume = {118},
	Year = {2004}}

@article{pmid20862354,
	Author = {He, X. and Samee, M. A. and Blatti, C. and Sinha, S.},
	Journal = {PLoS Comput. Biol.},
	Month = {Sep},
	Title = {{{T}hermodynamics-based models of transcriptional regulation by enhancers: the roles of synergistic activation, cooperative binding and short-range repression}},
	Volume = {6},
	Year = {2010}}

@article{pmid20808951,
	Author = {Kazemian, M. and Blatti, C. and Richards, A. and McCutchan, M. and Wakabayashi-Ito, N. and Hammonds, A. S. and Celniker, S. E. and Kumar, S. and Wolfe, S. A. and Brodsky, M. H. and Sinha, S.},
	Journal = {PLoS Biol.},
	Title = {{{Q}uantitative analysis of the {D}rosophila segmentation regulatory network using pattern generating potentials}},
	Volume = {8},
	Year = {2010}}

@article{pmid19956545,
	Author = {He, X. and Chen, C. C. and Hong, F. and Fang, F. and Sinha, S. and Ng, H. H. and Zhong, S.},
	Journal = {PLoS ONE},
	Pages = {e8155},
	Title = {{{A} biophysical model for analysis of transcription factor interaction and binding site arrangement from genome-wide binding data}},
	Volume = {4},
	Year = {2009}}

@article{pmid18172436,
	Author = {Segal, E. and Raveh-Sadka, T. and Schroeder, M. and Unnerstall, U. and Gaul, U.},
	Journal = {Nature},
	Month = {Jan},
	Pages = {535--540},
	Title = {{{P}redicting expression patterns from regulatory sequence in {D}rosophila segmentation}},
	Volume = {451},
	Year = {2008}}

@article{PMID:20018754,
	Author = {Liberman, L. M. and Reeves, G. T. and Stathopoulos, A.},
	Journal = {Proc Natl Acad Sci U S A},
	Number = {52},
	Pages = {22317--22322},
	Title = {Quantitative imaging of the Dorsal nuclear gradient reveals limitations to threshold-dependent patterning in Drosophila.},
	Volume = {106},
	Year = {2009}}

@article{pmid19506578,
	Author = {Segal, E. and Widom, J.},
	Journal = {Nat. Rev. Genet.},
	Month = {Jul},
	Pages = {443--456},
	Title = {{{F}rom {D}{N}{A} sequence to transcriptional behaviour: a quantitative approach}},
	Volume = {10},
	Year = {2009}}

@article{pmid18648612,
	Author = {Tkacik, G. and Gregor, T. and Bialek, W.},
	Journal = {PLoS ONE},
	Pages = {e2774},
	Title = {{{T}he role of input noise in transcriptional regulation}},
	Volume = {3},
	Year = {2008}}

@article{pmid18328473,
	Author = {Gregor, T. and McGregor, A. P. and Wieschaus, E. F.},
	Journal = {Dev. Biol.},
	Month = {Apr},
	Pages = {350--358},
	Title = {{{S}hape and function of the {B}icoid morphogen gradient in dipteran species with different sized embryos}},
	Volume = {316},
	Year = {2008}}

@article{apple,
	Author = {Applebaum, David},
	Journal = {Cambridge Press},
	Title = {{Probability and Information}},
	Year = {1996}}

@article{pmid17632062,
	Author = {Gregor, T. and Tank, D. W. and Wieschaus, E. F. and Bialek, W.},
	Journal = {Cell},
	Month = {Jul},
	Pages = {153--164},
	Title = {{{P}robing the limits to positional information}},
	Volume = {130},
	Year = {2007}}

@book{bialek,
	Author = {Bialek,W.},
	Publisher = {Princeton University Press},
	Title = {Biophysics Searching for Principles},
	Year = {2012}}

@article{pmid17632061,
	Author = {Gregor, T. and Wieschaus, E. F. and McGregor, A. P. and Bialek, W. and Tank, D. W.},
	Journal = {Cell},
	Month = {Jul},
	Pages = {141--152},
	Title = {{{S}tability and nuclear dynamics of the bicoid morphogen gradient}},
	Volume = {130},
	Year = {2007}}

@article{pmid15797195,
	Author = {Bintu, L. and Buchler, N. E. and Garcia, H. G. and Gerland, U. and Hwa, T. and Kondev, J. and Kuhlman, T. and Phillips, R.},
	Journal = {Curr. Opin. Genet. Dev.},
	Month = {Apr},
	Pages = {125--135},
	Title = {{{T}ranscriptional regulation by the numbers: applications}},
	Volume = {15},
	Year = {2005}}

@article{PBC,
	Author = {Phillips, R. and Kondev, J. and Theriot, J.},
	Journal = {Garland Science},
	Title = {{{P}hysical {B}iology of the {C}ell}},
	Year = {2008}}

@article{pmid12702751,
	Author = {Buchler, N. E. and Gerland, U. and Hwa, T.},
	Journal = {Proc. Natl. Acad. Sci. U.S.A.},
	Month = {Apr},
	Pages = {5136--5141},
	Title = {{{O}n schemes of combinatorial transcription logic}},
	Volume = {100},
	Year = {2003}}

@article{stormoCon,
	Author = {G. D. Stormo},
	Journal = {Methods Enzymol},
	Pages = {211--221},
	Publisher = {Academic Press},
	Title = {Molecular Evolution: Computer Analysis of Protein and Nucleic Acid Sequences},
	Url = {http://www.ncbi.nlm.nih.gov/pubmed/1664028},
	Volume = {183},
	Year = {1990},
	Bdsk-Url-1 = {http://www.ncbi.nlm.nih.gov/pubmed/1664028}}

@article{pmid19651877,
	Author = {Papatsenko, D. and Goltsev, Y. and Levine, M.},
	Journal = {Nucleic Acids Res.},
	Month = {Sep},
	Number = {17},
	Pages = {5665--5677},
	Title = {{{O}rganization of developmental enhancers in the {D}rosophila embryo}},
	Volume = {37},
	Year = {2009}}

@article{pmid20981027,
	Author = {Crocker, J. and Potter, N. and Erives, A.},
	Journal = {Nat Commun},
	Pages = {99},
	Title = {{{D}ynamic evolution of precise regulatory encodings creates the clustered site signature of enhancers}},
	Volume = {1},
	Year = {2010}}

@article{pmid9021275,
	Author = {Galtier, N. and Gouy, M. and Gautier, C.},
	Journal = {Comput. Appl. Biosci.},
	Month = {Dec},
	Number = {6},
	Pages = {543--548},
	Title = {{{S}{E}{A}{V}{I}{E}{W} and {P}{H}{Y}{L}{O} {W}{I}{N}: two graphic tools for sequence alignment and molecular phylogeny}},
	Volume = {12},
	Year = {1996}}

@article{pmid18986212,
	Author = {Crocker, J. and Tamori, Y. and Erives, A.},
	Journal = {PLoS Biol.},
	Month = {Nov},
	Pages = {e263},
	Title = {{{E}volution acts on enhancer organization to fine-tune gradient threshold readouts}},
	Volume = {6},
	Year = {2008}}

@article{Brittain,
	Author = {Brittain, Andrew AND Stroebele, Elizabeth AND Erives, Albert},
	Date-Modified = {2015-05-06 22:03:32 +0000},
	Doi = {10.1371/journal.pone.0101177},
	Journal = {PLoS ONE},
	Month = {06},
	Number = {6},
	Pages = {e101177},
	Publisher = {Public Library of Science},
	Title = {Microsatellite Repeat Instability Fuels Evolution of Embryonic Enhancers in Hawaiian <italic>Drosophila</italic>},
	Volume = {9},
	Year = {2014},
	Bdsk-Url-1 = {http://dx.doi.org/10.1371%2Fjournal.pone.0101177},
	Bdsk-Url-2 = {http://dx.doi.org/10.1371/journal.pone.0101177}}

@article{kimura,
	Author = {Kimura, M. and Ohta, T.},
	Journal = {Genetics},
	Pages = {763-771},
	Title = {The average number of generations until fixation of a mutant gene in a finite population},
	Volume = {61},
	Year = {1969}}

@article{pmid21723826,
	Author = {Sela, I. and Lukatsky, D. B.},
	Journal = {Biophys. J.},
	Month = {Jul},
	Number = {1},
	Pages = {160--166},
	Title = {{{D}{N}{A} sequence correlations shape nonspecific transcription factor-{D}{N}{A} binding affinity}},
	Volume = {101},
	Year = {2011}}

@article{pmid25313048,
	Author = {Afek, A. and Schipper, J. L. and Horton, J. and Gordan, R. and Lukatsky, D. B.},
	Journal = {Proc. Natl. Acad. Sci. U.S.A.},
	Month = {Dec},
	Number = {48},
	Pages = {17140--17145},
	Title = {{{P}rotein-{D}{N}{A} binding in the absence of specific base-pair recognition}},
	Volume = {111},
	Year = {2014}}

@article{pmid15128669,
	Author = {Markstein, M. and Zinzen, R. and Markstein, P. and Yee, K. P. and Erives, A. and Stathopoulos, A. and Levine, M.},
	Journal = {Development},
	Month = {May},
	Pages = {2387--2394},
	Title = {{{A} regulatory code for neurogenic gene expression in the {D}rosophila embryo}},
	Volume = {131},
	Year = {2004}}

@article{pmid15026577,
	Author = {Erives, A. and Levine, M.},
	Journal = {Proc. Natl. Acad. Sci. U.S.A.},
	Month = {Mar},
	Pages = {3851--3856},
	Title = {{{C}oordinate enhancers share common organizational features in the {D}rosophila genome}},
	Volume = {101},
	Year = {2004}}

@article{pmid12464180,
	Author = {Stathopoulos, A. and Van Drenth, M. and Erives, A. and Markstein, M. and Levine, M.},
	Journal = {Cell},
	Month = {Nov},
	Pages = {687--701},
	Title = {{{W}hole-genome analysis of dorsal-ventral patterning in the {D}rosophila embryo}},
	Volume = {111},
	Year = {2002}}

@article{pmid15831448,
	Author = {Kulkarni, M. M. and Arnosti, D. N.},
	Journal = {Mol. Cell. Biol.},
	Month = {May},
	Pages = {3411--3420},
	Title = {{cis-regulatory logic of short-range transcriptional repression in {D}rosophila melanogaster}},
	Volume = {25},
	Year = {2005}}

@article{pmid18687054,
	Author = {Ay, A. and Fakhouri, W. D. and Chiu, C. and Arnosti, D. N.},
	Journal = {Tissue Eng Part A},
	Month = {Sep},
	Pages = {1517--1526},
	Title = {{{I}mage processing and analysis for quantifying gene expression from early {D}rosophila embryos}},
	Volume = {14},
	Year = {2008}}

@article{pmid20519935,
	Author = {Li, L. M. and Arnosti, D. N.},
	Journal = {Fly (Austin)},
	Month = {Jul},
	Title = {{{F}ine mapping of chromatin structure in {D}rosophila melanogaster embryos using micrococcal nuclease}},
	Volume = {4},
	Year = {2010}}

@article{pmid20462481,
	Author = {Ay, A. and Arnosti, D. N.},
	Journal = {Curr. Biol.},
	Month = {May},
	Pages = {R404--406},
	Title = {{{N}ucleosome positioning: an essential component of the enhancer regulatory code?}},
	Volume = {20},
	Year = {2010}}

@article{pmid20087339,
	Author = {Fakhouri, W. D. and Ay, A. and Sayal, R. and Dresch, J. and Dayringer, E. and Arnosti, D. N.},
	Journal = {Mol. Syst. Biol.},
	Pages = {341},
	Title = {{{D}eciphering a transcriptional regulatory code: modeling short-range repression in the {D}rosophila embryo}},
	Volume = {6},
	Year = {2010}}

@article{pmid19805071,
	Author = {Payankaulam, S. and Arnosti, D. N.},
	Journal = {Proc. Natl. Acad. Sci. U.S.A.},
	Month = {Oct},
	Pages = {17314--17319},
	Title = {{{G}roucho corepressor functions as a cofactor for the {K}nirps short-range transcriptional repressor}},
	Volume = {106},
	Year = {2009}}

@article{pmid16186109,
	Author = {Struffi, P. and Arnosti, D. N.},
	Journal = {J. Biol. Chem.},
	Month = {Dec},
	Pages = {40757--40765},
	Title = {{{F}unctional interaction between the {D}rosophila knirps short range transcriptional repressor and {R}{P}{D}3 histone deacetylase}},
	Volume = {280},
	Year = {2005}}

@article{pmid15696541,
	Author = {Arnosti, D. N. and Kulkarni, M. M.},
	Journal = {J. Cell. Biochem.},
	Month = {Apr},
	Number = {5},
	Pages = {890--898},
	Title = {{{T}ranscriptional enhancers: {I}ntelligent enhanceosomes or flexible billboards?}},
	Volume = {94},
	Year = {2005}}

@article{pmid14660545,
	Author = {Kulkarni, M. M. and Arnosti, D. N.},
	Journal = {Development},
	Month = {Dec},
	Number = {26},
	Pages = {6569--6575},
	Title = {{{I}nformation display by transcriptional enhancers}},
	Volume = {130},
	Year = {2003}}

@article{pmid17574024,
	Author = {Panne, D. and Maniatis, T. and Harrison, S. C.},
	Journal = {Cell},
	Month = {Jun},
	Number = {6},
	Pages = {1111--1123},
	Title = {{{A}n atomic model of the interferon-beta enhanceosome}},
	Volume = {129},
	Year = {2007}}

@article{pmid19815308,
	Author = {Wunderlich, Z. and Mirny, L. A.},
	Journal = {Trends Genet.},
	Month = {Oct},
	Number = {10},
	Pages = {434--440},
	Title = {{{D}ifferent gene regulation strategies revealed by analysis of binding motifs}},
	Volume = {25},
	Year = {2009}}

@article{pmid15661648,
	Author = {Keller, S. A. and Ullah, Z. and Buckley, M. S. and Henry, R. W. and Arnosti, D. N.},
	Journal = {Gene Expr. Patterns},
	Month = {Feb},
	Pages = {411--421},
	Title = {{{D}istinct developmental expression of {D}rosophila retinoblastoma factors}},
	Volume = {5},
	Year = {2005}}

@article{pmid15128671,
	Author = {Struffi, P. and Corado, M. and Kulkarni, M. and Arnosti, D. N.},
	Journal = {Development},
	Month = {May},
	Pages = {2419--2429},
	Title = {{{Q}uantitative contributions of {C}t{B}{P}-dependent and -independent repression activities of {K}nirps}},
	Volume = {131},
	Year = {2004}}

@article{pmid12888527,
	Author = {Ryu, J. R. and Arnosti, D. N.},
	Journal = {Nucleic Acids Res.},
	Month = {Aug},
	Pages = {4654--4662},
	Title = {{{F}unctional similarity of {K}nirps {C}t{B}{P}-dependent and {C}t{B}{P}-independent transcriptional repressor activities}},
	Volume = {31},
	Year = {2003}}

@article{pmid16908844,
	Author = {Biemar, F. and Nix, D. A. and Piel, J. and Peterson, B. and Ronshaugen, M. and Sementchenko, V. and Bell, I. and Manak, J. R. and Levine, M. S.},
	Journal = {Proc. Natl. Acad. Sci. U.S.A.},
	Month = {Aug},
	Pages = {12763--12768},
	Title = {{{C}omprehensive identification of {D}rosophila dorsal-ventral patterning genes using a whole-genome tiling array}},
	Volume = {103},
	Year = {2006}}

@article{pmid9843507,
	Author = {Nibu, Y. and Zhang, H. and Bajor, E. and Barolo, S. and Small, S. and Levine, M.},
	Journal = {EMBO J.},
	Month = {Dec},
	Pages = {7009--7020},
	Title = {{d{C}t{B}{P} mediates transcriptional repression by {K}nirps, {K}rÃ¼ppel and {S}nail in the {D}rosophila embryo}},
	Volume = {17},
	Year = {1998}}

@article{pmid19890324,
	Author = {Zinzen, R. P. and Girardot, C. and Gagneur, J. and Braun, M. and Furlong, E. E.},
	Journal = {Nature},
	Month = {Nov},
	Pages = {65--70},
	Title = {{{C}ombinatorial binding predicts spatio-temporal cis-regulatory activity}},
	Volume = {462},
	Year = {2009}}

@article{pmid17500585,
	Author = {Zinzen, R. P. and Papatsenko, D.},
	Journal = {PLoS Comput. Biol.},
	Month = {May},
	Pages = {e84},
	Title = {{{E}nhancer responses to similarly distributed antagonistic gradients in development}},
	Volume = {3},
	Year = {2007}}

@article{pmid17322397,
	Author = {Zeitlinger, J. and Zinzen, R. P. and Stark, A. and Kellis, M. and Zhang, H. and Young, R. A. and Levine, M.},
	Journal = {Genes Dev.},
	Month = {Feb},
	Pages = {385--390},
	Title = {{{W}hole-genome {C}h{I}{P}-chip analysis of {D}orsal, {T}wist, and {S}nail suggests integration of diverse patterning processes in the {D}rosophila embryo}},
	Volume = {21},
	Year = {2007}}

@article{pmid21383317,
	Author = {Ozdemir, A. and Fisher-Aylor, K. I. and Pepke, S. and Samanta, M. and Dunipace, L. and McCue, K. and Zeng, L. and Ogawa, N. and Wold, B. J. and Stathopoulos, A.},
	Journal = {Genome Res.},
	Month = {Apr},
	Number = {4},
	Pages = {566--577},
	Title = {{{H}igh resolution mapping of {T}wist to {D}{N}{A} in {D}rosophila embryos: {E}fficient functional analysis and evolutionary conservation}},
	Volume = {21},
	Year = {2011}}

@article{pmid16198288,
	Author = {Stathopoulos, A. and Levine, M.},
	Journal = {Dev. Cell},
	Month = {Oct},
	Number = {4},
	Pages = {449--462},
	Title = {{{G}enomic regulatory networks and animal development}},
	Volume = {9},
	Year = {2005}}

@article{pmid22534400,
	Author = {Yanez-Cuna, J. O. and Dinh, H. Q. and Kvon, E. Z. and Shlyueva, D. and Stark, A.},
	Journal = {Genome Res.},
	Month = {Oct},
	Number = {10},
	Pages = {2018--2030},
	Title = {{{U}ncovering cis-regulatory sequence requirements for context-specific transcription factor binding}},
	Volume = {22},
	Year = {2012}}

@article{pmid16459304,
	Author = {De Renzis, S. and Yu, J. and Zinzen, R. and Wieschaus, E.},
	Journal = {Dev. Cell},
	Month = {Feb},
	Pages = {257--264},
	Title = {{{D}orsal-ventral pattern of {D}elta trafficking is established by a {S}nail-{T}om-{N}euralized pathway}},
	Volume = {10},
	Year = {2006}}

@article{pmid7774581,
	Author = {Szymanski, P. and Levine, M.},
	Journal = {EMBO J.},
	Month = {May},
	Pages = {2229--2238},
	Title = {{{M}ultiple modes of dorsal-b{H}{L}{H} transcriptional synergy in the {D}rosophila embryo}},
	Volume = {14},
	Year = {1995}}

@article{pmid12218191,
	Author = {Gerland, U. and Moroz, J. D. and Hwa, T.},
	Journal = {Proc. Natl. Acad. Sci. U.S.A.},
	Month = {Sep},
	Pages = {12015--12020},
	Title = {{{P}hysical constraints and functional characteristics of transcription factor-{D}{N}{A} interaction}},
	Volume = {99},
	Year = {2002}}
